2408 3848
505 698 776 771 PRAEFATIO

220 928 361 990 Absolute
393 930 513 990 tandem
542 930 599 991 hoc
626 931 775 991 volumine
805 929 915 991 desinit
943 929 1149 991 Teubneriana

131 1016 281 1079 Naturalis
308 1019 455 1080 Historiae
484 1020 575 1079 editio
602 1022 698 1099 prima
727 1021 774 1080 sui
800 1027 884 1098 parte
914 1018 1054 1080 destituta
1082 1037 1149 1080 esse

131 1115 284 1187 totumque
313 1127 387 1187 opus
415 1127 494 1169 nunc
522 1117 635 1188 prostat
662 1111 693 1169 in
721 1127 826 1168 novam
852 1108 977 1168 formam
1001 1107 1149 1189 aequabili

132 1197 255 1257 consilio
275 1196 436 1258 redactum.
468 1197 524 1257 hoc
542 1216 580 1258 ne
600 1200 658 1258 iam
677 1199 762 1277 prius
781 1197 932 1258 eiiicerem
951 1215 1039 1277 quam
1058 1199 1149 1276 primi

130 1286 290 1346 voluminis
314 1289 468 1347 etiamtum
489 1306 505 1347 a
526 1287 596 1346 lano
616 1288 711 1347 curati
731 1279 910 1366 exemplaria
930 1289 1027 1346 omnia
1048 1285 1148 1346 diren-

132 1374 192 1435 dita
212 1382 320 1454 essent,
340 1374 496 1436 obstabant
514 1383 634 1454 praeter
650 1377 860 1454 occupationes
875 1375 955 1454 alias,
975 1394 1048 1455 quas
1063 1392 1149 1436 enar·

131 1482 198 1524 rare
225 1463 282 1524 hcc
309 1464 374 1524 loco
402 1464 476 1525 nibil
503 1466 608 1544 refert,
635 1467 682 1525 rei
704 1466 799 1543 ipsius
824 1463 982 1524 difficultas
1006 1463 1149 1543 laborque

130 1553 223 1614 multo
247 1555 342 1614 maior
365 1561 394 1615 et
417 1556 570 1633 operosior
592 1573 680 1633 quam
704 1556 736 1613 in
756 1553 817 1614 ullo
837 1561 1005 1614 ceterorum
1023 1553 1147 1613 volumi·

130 1660 212 1703 num.
261 1659 318 1702 nec
349 1649 449 1703 tamen
481 1661 529 1703 me
561 1645 693 1722 paenitet
722 1660 822 1703 morae
849 1643 939 1703 huius
966 1644 1148 1720 inopinatae:

17 1733 33 1759 ²
130 1732 246 1791 interea
266 1734 346 1791 enim
366 1731 498 1793 subsidia
518 1750 587 1792 sane
607 1751 695 1812 quam
715 1739 851 1811 exoptata
869 1731 942 1792 mihi
960 1733 1148 1808 contigerunt

131 1827 160 1880 et
182 1819 313 1880 Ruckii
341 1820 449 1880 libellis
479 1820 514 1881 de
543 1821 768 1901 excerptoribns
795 1819 906 1900 aliquot
928 1820 1017 1880 Plinii
1041 1821 1148 1880 eximia

131 1927 199 1969 cum
228 1908 380 1987 diligentia
409 1917 439 1970 et
463 1910 596 1970 doctrina
620 1911 792 1989 compositis
815 1909 997 1988 utilibusque
1022 1908 1058 1968 ad
1081 1909 1147 1969 illu·

21 2072 24 2077 ,
131 1997 267 2058 strandas
295 1998 438 2077 quasdam
467 1998 603 2059 codicum
630 1998 868 2059 necessitudines
893 1997 1029 2057 nonnihil
1052 1997 1147 2058 adhuc

130 2085 261 2148 occultas
281 2095 310 2147 et
324 2087 525 2148 Detleiseni
543 2107 617 2148 nova
636 2088 782 2148 librorum
801 2086 1066 2166 geographicorum
1086 2085 1147 2146 edi·

129 2177 210 2236 tione
233 2175 388 2237 uberiores
412 2184 570 2257 apparatus
594 2179 691 2238 critici
715 2179 815 2257 copias
839 2194 855 2236 e
879 2177 1056 2236 scriniorum
1075 2175 1147 2235 late-

130 2263 194 2325 bris
216 2265 345 2345 prolatas
369 2267 548 2327 continente.
590 2284 679 2346 quam
703 2265 822 2345 quidem
846 2265 903 2324 hoc
926 2266 991 2344 ipso
1016 2283 1092 2324 anno
1115 2266 1147 2324 in

129 2352 281 2432 publicum
318 2353 465 2432 prodiisse
498 2362 565 2414 ante
598 2374 685 2434 quam
718 2354 886 2434 typothetae
918 2353 1055 2413 inchoato
1088 2355 1146 2413 iam

130 2461 220 2521 opere
235 2442 271 2503 ad
285 2461 368 2504 meae
384 2443 523 2504 editionis
537 2443 646 2504 librum
660 2443 700 2504 lll
715 2443 901 2522 accederent,
919 2443 992 2502 mibi
1006 2442 1147 2521 gratulor,

130 2533 188 2592 etsi
208 2532 342 2592 infinitus
361 2531 431 2593 inde
450 2532 533 2594 labor
552 2535 756 2593 commentarii
776 2530 974 2611 amplificandi
992 2531 1039 2592 vel
1058 2534 1147 2592 etiam

130 2620 285 2681 retexendi
309 2620 481 2683 subeundus
504 2622 569 2682 fuit.
611 2641 678 2682 nam
702 2621 781 2682 haud
804 2640 896 2700 pauca
919 2638 994 2699 quae
1013 2622 1045 2680 in
1063 2627 1147 2680 textu

129 2727 305 2770 novaveram
325 2711 496 2771 confirmata
516 2728 663 2771 consensu
681 2713 782 2771 verius
800 2728 887 2789 quarn
901 2719 1058 2789 praerepta
1073 2710 1146 2769 mibi

129 2801 253 2878 cognovi
270 2800 413 2878 licuitque
428 2801 593 2879 scripturae
607 2802 789 2878 varietatem,
809 2818 898 2878 quam
912 2797 1044 2858 nondum
1059 2799 1146 2877 plene

130 2895 312 2966 compertam
334 2887 445 2949 habere
469 2888 570 2949 multis
593 2888 667 2949 locis
690 2907 738 2949 me
762 2890 910 2968 piguerat,
934 2889 973 2947 ita
998 2887 1146 2966 supplere,

128 2984 162 3036 ut
189 2977 238 3035 vix
266 2975 427 3058 quidquam
450 2996 486 3037 ex
510 2979 547 3037 iis
572 2977 737 3056 desideres,
765 2995 842 3057 quae
866 2976 902 3036 ad
926 2975 1062 3036 codicum
1085 2993 1146 3035 me·

129 3067 254 3125 moriam
276 3072 306 3126 et
323 3073 423 3127 textus
442 3066 704 3127 conformationem
724 3064 948 3126 examinandam
967 3067 1146 3144 pertineant.

128 3155 160 3213 ln
183 3153 231 3214 his
253 3154 393 3215 nonnulla
412 3155 458 3215 rel
477 3157 574 3216 omitti
593 3158 656 3216 sine
676 3155 779 3216 fraude
798 3161 943 3235 poterant,
967 3156 1026 3213 nisi
1045 3156 1145 3213 minus

130 3251 211 3303 recte
236 3261 269 3303 11
293 3242 388 3303 adbuc
409 3244 526 3323 prodita
545 3252 574 3304 et
593 3244 767 3322 corrigenda
785 3243 899 3305 utiliter
918 3260 983 3303 esse
1003 3261 1038 3302 ex
1058 3242 1145 3303 colla·

129 3331 261 3392 tionibus
290 3331 426 3393 codicum
448 3339 479 3394 R
505 3340 534 3394 et
557 3340 584 3393 F
607 3353 623 3393 a
646 3334 716 3394 lano
740 3342 769 3394 et
794 3353 809 3393 a
832 3351 879 3393 me
903 3335 969 3411 ipso
993 3333 1078 3392 iactis
1104 3331 1145 3390 di-

130 3418 278 3481 dicissem.
325 3423 452 3483 increvit
479 3430 633 3502 praeterea
662 3424 869 3483 commentarii
895 3420 1067 3500 amplitudo
1086 3435 1162 3493 111-

128 3516 219 3589 petua
242 3510 304 3571 iere
327 3513 477 3572 mentione
499 3513 638 3593 priorum
663 3506 1195 3596 1111111111,11111111111“11111

933 3613 973 3666 Q*
