2408 3848
492 196 678 250 Arruuour
1027 199 1093 264 527

77 358 255 412 diversitates
274 373 369 412 omnes
388 374 440 427 pro
458 357 548 411 nihilo
567 356 711 410 aestimari
728 356 857 411 debeant.
885 359 1038 426 utcumque
1052 375 1096 412 res

76 446 106 482 se
120 429 208 483 habet
219 461 252 469 —
265 445 332 482 nam
346 429 383 481 ad
397 429 538 496 liquidum
551 429 670 497 perduci
683 428 729 480 vix
741 445 824 497 posse
838 429 957 496 ridetur,
971 430 1096 482 utnulla

77 500 254 568 relinquatur
278 499 419 554 dubitatio
439 532 486 565 -,
511 501 548 552 ad
571 499 658 553 crisin
680 500 868 554 factitandum
896 518 950 554 non
975 501 1096 555 multum

76 571 170 638 refert,
190 571 323 640 quoniam
343 571 483 639 quidquid
501 570 624 625 traditur
641 570 709 624 boni
728 571 758 623 in
776 578 789 623 1
806 571 894 626 fuisse
908 572 1027 626 certiore
1041 572 1096 626 fide

76 643 106 696 in
125 649 145 695 F
165 643 300 711 scriptum
318 643 483 696 invenimus.

149 714 244 768 Tertio
258 713 321 768 loco
336 713 588 768 correctionum
604 713 739 767 codicis!
754 714 865 768 diversa
879 730 982 784 genera
997 715 1096 783 paucis

78 784 224 853 explanari
242 801 356 839 necesse
375 787 426 853 est,
446 785 530 839 simul
548 787 582 838 ut
599 785 726 853 inspecto
747 786 842 840 codice
861 786 923 855 ipso
938 785 996 839 iam
1010 786 1096 855 paulo

77 857 236 910 accuratius
258 856 391 910 definiam
410 873 482 925 quae
500 873 561 910 nov.
581 856 635 910 luc.
655 875 682 926 p.
699 862 740 910 76.
762 862 795 910 78
815 875 873 925 sqq.
894 858 929 911 de
949 858 1048 911 eadem
1066 874 1096 911 re

77 928 204 981 disserui.
251 928 307 981 tria
340 928 414 981 enim
446 944 550 998 genera
582 928 728 981 oculorum
756 928 862 982 iudicio
891 929 1094 982 discernuntur.

75 999 168 1068 prime
191 999 309 1067 quidem·
324 1010 424 1053 manus
444 1000 487 1052 est
505 999 668 1053 correctoris
688 999 747 1053 eius
767 999 816 1068 qui
835 1016 867 1053 ex
887 1001 985 1053 eodem
1004 1016 1096 1054 exem-

75 1070 158 1139 plari,
173 1071 248 1138 quod
262 1069 373 1123 librarii
388 1072 453 1123 ante
468 1070 563 1124 oculos
577 1070 744 1137 habuerant,
759 1071 862 1125 calami
876 1071 972 1140 lapsus
982 1071 1097 1124 sustulit

76 1145 105 1195 et
127 1141 243 1194 lacunas
267 1141 376 1209 aliquot
403 1141 536 1210 explevit,
563 1141 671 1210 pallido
694 1159 761 1194 usus
785 1144 942 1196 atramento
966 1145 995 1195 et
1017 1142 1097 1196 tenui

76 1229 109 1265 ac
127 1211 205 1265 velut
222 1212 323 1266 timido
343 1213 437 1277 ductu,
457 1229 492 1267 ne
511 1213 646 1267 blandam
665 1213 788 1282 speciem
800 1230 930 1267 versuum
945 1214 1097 1283 diligenter

76 1285 253 1337 exaratorum
287 1283 464 1337 deformaret.
513 1285 652 1338 secundus
685 1287 780 1338 autem
813 1288 952 1339 corrector
984 1285 1095 1339 saeculo

77 1354 135 1408 fere
150 1355 200 1407 XII
220 1371 253 1409 ex
272 1354 328 1408 alio
348 1371 436 1423 eoque
455 1355 570 1409 meliore
586 1359 614 1408 et
627 1355 754 1424 pleniore
767 1356 921 1425 exemplari
934 1357 1096 1410 vetustioris

76 1426 182 1509 ordinis
206 1426 321 1509 egregia
344 1427 432 1508 studii
456 1427 624 1509 assiduitate
647 1427 677 1508 in
700 1443 869 1496 unaquaque
888 1427 1096 1510 pagina-verba

75 1514 179 1622 tiit
192 1499 448 1622 turribulis
464 1498 1096 1638 liittillllnttltttutttuteli

76 1640 106 1693 et
128 1655 225 1693 rasura
249 1642 277 1692 et
300 1638 386 1692 litura
409 1639 521 1693 fortiter
544 1640 644 1694 deletis
668 1640 746 1693 fusco
770 1645 926 1694 atramento
951 1644 980 1695 et
1001 1642 1096 1695 valido

76 1711 163 1763 ductu
186 1726 252 1763 vera
275 1725 348 1777 quae
370 1710 539 1764 videbantur
561 1715 710 1780 reponeret
733 1714 783 1765 aut
802 1713 895 1765 varias
913 1713 1048 1766 lectiones
1066 1714 1096 1764 iu

75 1782 203 1851 margine
227 1782 384 1836 adnotaret.
422 1782 506 1835 huius
528 1783 706 1851 potissimum
725 1801 824 1836 manus
843 1783 1035 1853 intellegenda
1054 1787 1097 1837 est

75 1853 106 1905 in
135 1852 208 1922 sigla
231 1851 278 1920 1³²3
305 1853 391 1922 primi
421 1854 584 1907 correctoris
612 1871 727 1907 manum
755 1855 784 1908 in
813 1855 1014 1908 commentario
1040 1872 1096 1908 non

74 1924 181 1993 ubique
200 1925 325 1978 distinxi.
359 1925 459 1978 tertius
480 1925 601 1994 denique
619 1926 675 1978 fuit
689 1926 778 1979 lector
792 1929 917 1979 attentus
932 1927 993 1980 aevi
1007 1925 1096 1979 multo

76 1996 200 2062 serioris,
224 1996 272 2064 qui
295 1996 364 2050 satis
384 1997 485 2050 habuit
504 1997 643 2064 quaedam
662 1997 896 2066 interpunctionis
916 1998 997 2067 signa
1016 1998 1096 2050 eddi-

76 2068 151 2121 disse
175 2070 203 2120 et
226 2067 324 2121 erebra
347 2068 513 2137 compendia
532 2085 617 2137 supra
637 2070 748 2138 scriptis
767 2069 873 2121 voculis
893 2075 930 2135 et,
952 2087 1014 2134 aee,
1038 2074 1096 2134 act,

75 2142 148 2192 euim
166 2138 201 2191 al.
223 2138 391 2207 explicasse;
412 2157 475 2193 raro
494 2140 605 2194 litteras
624 2140 772 2193 nonnullas
792 2140 913 2193 correxit
932 2143 981 2192 aut
1000 2143 1096 2193 notem

75 2209 197 2277 margini
212 2210 339 2279 aspersit.
365 2214 450 2279 atque
464 2211 548 2264 huius
562 2212 677 2280 quidem
692 2212 855 2265 correctoris
867 2228 981 2281 operam
990 2211 1097 2264 nullius

76 2295 136 2333 esse
164 2281 249 2347 pretii
277 2298 327 2348 per
355 2297 384 2334 se
407 2285 500 2351 patet,
529 2283 644 2337 secundi
669 2299 734 2336 vcro
757 2283 835 2336 illius
857 2284 957 2337 merito
982 2282 1096 2351 plurimi

76 2349 251 2416 aestimatur,
270 2353 435 2418 praesertim
452 2353 502 2406 ubi
516 2354 632 2407 r²u²1t²
646 2358 696 2408 aut
709 2354 784 2407 ΙΨ
797 2356 872 2408 inter
886 2371 915 2408 ee
930 2356 1096 2423 congruunt.

75 2437 171 2474 verum
204 2424 299 2474 tamen
331 2440 387 2476 non
415 2425 541 2478 omnium
568 2427 628 2480 eius
657 2427 860 2480 correctionum
889 2444 949 2480 asse
978 2424 1096 2478 eandem

76 2492 288 2555 auctoritatem,
313 2494 361 2546 sed
384 2495 488 2547 multas
512 2497 738 2564 interpolationis
762 2502 859 2550 notam
882 2496 1096 2565 praeseferre,

76 2567 105 2616 et
129 2581 190 2616 nov.
214 2563 268 2616 luo.
288 2563 306 2616 l.
326 2563 343 2616 l.
364 2565 541 2619 evidentibus
565 2568 701 2636 exemplis
726 2586 741 2621 e
764 2568 844 2621 libris
863 2567 975 2621 vil-x
997 2567 1095 2634 petitis

75 2635 215 2687 illustravi
230 2638 258 2687 et
272 2635 401 2704 pluribus
416 2636 510 2703 etiam,
526 2638 628 2704 quibus
643 2642 753 2692 scatent
767 2639 833 2692 libri
843 2639 955 2705 H-Vl,
970 2639 1096 2691 evincere

75 2723 197 2775 possum.
220 2722 338 2774 quorum
352 2723 486 2776 magnam
500 2725 567 2761 sane
581 2712 690 2778 partem
701 2743 734 2750 —
745 2711 775 2762 in
785 2711 907 2763 secundo
917 2710 1096 2778 potissimum

74 2777 146 2830 libro
157 2810 190 2817 —
202 2777 330 2830 consulto
345 2779 497 2846 suppressi,
511 2796 546 2833 ne
561 2780 698 2833 futtilium
709 2782 862 2835 lectionum
872 2781 946 2834 mole
957 2796 1095 2834 commen-

75 2849 179 2901 tarium
199 2849 352 2914 obruerem,
372 2850 421 2904 sed
440 2850 560 2919 amplius
578 2852 701 2905 ducenta
716 2855 847 2921 excerpta
862 2870 895 2905 ex
910 2852 991 2920 copie
1005 2852 1095 2904 multo

74 2920 179 2973 maiore
199 2920 229 2972 in
246 2922 380 2988 promptu
400 2923 477 2988 sunt,
502 2939 516 2974 e
536 2922 639 2991 quibus
658 2924 791 2993 exiguum
810 2924 950 2978 delectum
970 2922 1096 2976 subicere

75 2991 182 3058 placet:
201 2991 227 3044 ΙΙ
242 2997 274 3044 16
292 2992 339 3058 (ad
354 2992 452 3046 aedem
467 2992 578 3062 Larum)
594 2995 737 3049 adsedem
752 2997 816 3049 lora
829 2996 871 3060 1²¹,
891 2997 969 3049 aedes
985 2995 1096 3049 laraie

75 3061 117 3127 1³²,
145 3062 182 3115 ib.
200 3065 259 3131 (pro
279 3062 322 3115 dis
341 3062 474 3132 habeant)
492 3066 629 3136 predictis
647 3067 765 3120 habeant
783 3067 887 3134 F¹E¹e,
907 3069 943 3119 ire
956 3067 1096 3136 prodiyie'e

74 3135 193 3188 babeant
215 3132 256 3186 1³¹.
332 3140 363 3186 17
389 3134 515 3203 (claudos
539 3139 600 3204 ovo)
624 3139 736 3191 claudos
759 3155 913 3207 cesosque
931 3137 965 3189 Ρ
988 3138 1018 3190 in
1040 3154 1093 3190 ras.

148 3210 180 3257 18
204 3207 300 3272 (passu
324 3222 386 3258 cum
412 3249 439 3259 ..
463 3207 552 3268 vadit)
571 3215 704 3276 pascua
729 3251 756 3262 ..
781 3211 842 3264 adit
863 3207 904 3262 Ρ.
997 3214 1030 3262 23
1055 3209 1095 3277 (in

75 3293 169 3329 omncs
186 3276 295 3329 futuros
310 3294 444 3344 umquam
460 3278 512 3332 deo
527 3279 670 3333 decretum
685 3281 736 3350 [to
748 3281 804 3352 F¹])
820 3282 850 3333 ia
864 3298 941 3334 cruce
954 3282 1095 3347 soterum

75 3347 136 3400 deit
159 3348 262 3401 decreto
281 3346 321 3399 1³².
397 3355 430 3401 26
454 3350 587 3419 (uilitate)
607 3353 722 3421 ceptae
739 3352 782 3418 1¹,
802 3354 963 3422 cupititate
980 3352 1022 3404 1³².

75 3423 107 3471 31
128 3419 169 3487 (in
188 3434 220 3472 eo
240 3417 421 3488 Cleostratus)
440 3422 624 3490 aeodepses
643 3423 752 3478 tradit
765 3421 806 3475 1²².
881 3428 914 3475 37
935 3423 974 3491 (in
991 3438 1097 3491 magno

74 3489 219 3542 nominum
247 3490 355 3543 ambitu
384 3492 453 3561 [tue
475 3492 532 3563 F¹])
560 3495 591 3546 ia
619 3511 723 3564 aperte
744 3498 887 3549 uomicam
909 3496 1029 3548 ambitus
1051 3492 1092 3544 1¹².

146 3565 179 3614 98
209 3560 343 3630 (existrmt
371 3563 486 3615 caedem
510 3567 638 3632 coronae)
662 3567 790 3619 existente
812 3567 891 3619 adem
915 3582 1029 3619 cereuce
1051 3564 1095 3629 1¹,

73 3633 201 3687 existente
215 3633 307 3686 ecdem
321 3650 423 3688 eorouc
437 3634 479 3687 1¹¹.
554 3641 603 3688 131
619 3639 730 3705 (rupere
744 3637 857 3707 nubem)
870 3653 994 3704 rrurcpere
1008 3637 1098 3688 nuber
