<?xml version="1.0" encoding="UTF-8"?>
<!DOCTYPE html PUBLIC "-//W3C//DTD XHTML 1.0 Transitional//EN"
    "http://www.w3.org/TR/xhtml1/DTD/xhtml1-transitional.dtd">
<html xmlns="http://www.w3.org/1999/xhtml" xml:lang="en" lang="en">
 <head>
  <title>
</title>
<meta http-equiv="Content-Type" content="text/html;charset=utf-8" />
  <meta name='ocr-system' content='tesseract 3.04.00' />
  <meta name='ocr-capabilities' content='ocr_page ocr_carea ocr_par ocr_line ocrx_word'/>
</head>
<body>
  <div class='ocr_page' id='page_1' title='image "./cplinisecundina00jangoog_0213.png"; bbox 0 0 2408 3848; ppageno 0'>
   <div class='ocr_carea' id='block_1_1' title="bbox 121 209 1136 280">
    <p class='ocr_par' dir='ltr' id='par_1_1' title="bbox 121 209 1136 280">
     <span class='ocr_line' id='line_1_1' title="bbox 121 209 1136 280; baseline -0.012 0"><span class='ocrx_word' id='word_1_1' title='bbox 121 217 186 280; x_wconf 73' lang='grc'><strong>190</strong></span> <span class='ocrx_word' id='word_1_2' title='bbox 353 240 356 249; x_wconf 87' lang='grc'>’</span> <span class='ocrx_word' id='word_1_3' title='bbox 468 216 495 272; x_wconf 89' lang='lat' dir='ltr'><strong>C.</strong></span> <span class='ocrx_word' id='word_1_4' title='bbox 515 216 613 271; x_wconf 86' lang='lat' dir='ltr'>PLINI</span> <span class='ocrx_word' id='word_1_5' title='bbox 630 217 787 272; x_wconf 78' lang='lat' dir='ltr'><strong>suevum</strong></span> <span class='ocrx_word' id='word_1_6' title='bbox 1030 209 1136 276; x_wconf 60' lang='lat' dir='ltr'><strong>&#39;mutua</strong></span> 
     </span>
    </p>
   </div>
   <div class='ocr_carea' id='block_1_2' title="bbox 39 382 1176 2684">
    <p class='ocr_par' dir='ltr' id='par_1_2' title="bbox 118 382 1136 552">
     <span class='ocr_line' id='line_1_2' title="bbox 119 382 1136 464; baseline 0 -22"><span class='ocrx_word' id='word_1_7' title='bbox 119 382 211 462; x_wconf 87' lang='lat' dir='ltr'><strong>quod,</strong></span> <span class='ocrx_word' id='word_1_8' title='bbox 243 391 276 443; x_wconf 89' lang='lat' dir='ltr'><strong>ut</strong></span> <span class='ocrx_word' id='word_1_9' title='bbox 303 385 364 444; x_wconf 93' lang='lat' dir='ltr'><strong>sint</strong></span> <span class='ocrx_word' id='word_1_10' title='bbox 390 383 477 464; x_wconf 91' lang='lat' dir='ltr'><strong>plana</strong></span> <span class='ocrx_word' id='word_1_11' title='bbox 504 386 597 444; x_wconf 91' lang='lat' dir='ltr'><strong>maria</strong></span> <span class='ocrx_word' id='word_1_12' title='bbox 626 392 655 445; x_wconf 91' lang='lat' dir='ltr'><strong>et</strong></span> <span class='ocrx_word' id='word_1_13' title='bbox 685 403 743 463; x_wconf 85' lang='lat' dir='ltr'><strong>qua</strong></span> <span class='ocrx_word' id='word_1_14' title='bbox 770 384 909 444; x_wconf 90' lang='lat' dir='ltr'><strong>videntur</strong></span> <span class='ocrx_word' id='word_1_15' title='bbox 936 384 1044 462; x_wconf 85' lang='lat' dir='ltr'><strong>figura,</strong></span> <span class='ocrx_word' id='word_1_16' title='bbox 1076 403 1136 443; x_wconf 88' lang='lat' dir='ltr'><strong>non</strong></span> 
     </span>
     <span class='ocr_line' id='line_1_3' title="bbox 118 471 1135 552; baseline 0 -21"><span class='ocrx_word' id='word_1_17' title='bbox 118 490 205 550; x_wconf 91' lang='lat' dir='ltr'><strong>posse</strong></span> <span class='ocrx_word' id='word_1_18' title='bbox 239 471 270 532; x_wconf 93' lang='lat' dir='ltr'><strong>id</strong></span> <span class='ocrx_word' id='word_1_19' title='bbox 301 471 450 550; x_wconf 88' lang='lat' dir='ltr'><strong>accidere,</strong></span> <span class='ocrx_word' id='word_1_20' title='bbox 483 491 589 551; x_wconf 92' lang='lat' dir='ltr'><strong>magno</strong></span> <span class='ocrx_word' id='word_1_21' title='bbox 622 492 675 533; x_wconf 89' lang='lat' dir='ltr'><strong>suo</strong></span> <span class='ocrx_word' id='word_1_22' title='bbox 709 473 815 552; x_wconf 87' lang='lat' dir='ltr'><strong>gaudio</strong></span> <span class='ocrx_word' id='word_1_23' title='bbox 847 492 1011 552; x_wconf 86' lang='lat' dir='ltr'><strong>magnaque</strong></span> <span class='ocrx_word' id='word_1_24' title='bbox 1042 473 1135 551; x_wconf 86' lang='lat' dir='ltr'><strong>gloria</strong></span> 
     </span>
    </p>

    <p class='ocr_par' dir='ltr' id='par_1_3' title="bbox 49 560 1176 998">
     <span class='ocr_line' id='line_1_4' title="bbox 49 560 1135 640; baseline -0.001 -18"><span class='ocrx_word' id='word_1_25' title='bbox 49 574 100 623; x_wconf 79' lang='grc'><strong>166</strong></span> <span class='ocrx_word' id='word_1_26' title='bbox 119 563 290 621; x_wconf 75' lang='lat' dir='ltr'>inventores</span> <span class='ocrx_word' id='word_1_27' title='bbox 314 560 420 622; x_wconf 88' lang='lat' dir='ltr'><strong>Graeci</strong></span> <span class='ocrx_word' id='word_1_28' title='bbox 449 561 612 622; x_wconf 81' lang='lat' dir='ltr'>subtilitate</span> <span class='ocrx_word' id='word_1_29' title='bbox 640 564 819 640; x_wconf 87' lang='lat' dir='ltr'><strong>geometrica</strong></span> <span class='ocrx_word' id='word_1_30' title='bbox 846 560 960 622; x_wconf 90' lang='lat' dir='ltr'><strong>docent.</strong></span> <span class='ocrx_word' id='word_1_31' title='bbox 1007 581 1135 640; x_wconf 91' lang='lat' dir='ltr'><strong>namque</strong></span> 
     </span>
     <span class='ocr_line' id='line_1_5' title="bbox 120 649 1136 729; baseline 0 -19"><span class='ocrx_word' id='word_1_32' title='bbox 120 668 187 710; x_wconf 90' lang='lat' dir='ltr'><strong>cum</strong></span> <span class='ocrx_word' id='word_1_33' title='bbox 221 669 237 710; x_wconf 98' lang='lat' dir='ltr'><strong>e</strong></span> <span class='ocrx_word' id='word_1_34' title='bbox 270 649 391 710; x_wconf 86' lang='lat' dir='ltr'>sublimi</span> <span class='ocrx_word' id='word_1_35' title='bbox 424 652 455 711; x_wconf 90' lang='lat' dir='ltr'><strong>in</strong></span> <span class='ocrx_word' id='word_1_36' title='bbox 485 651 627 711; x_wconf 83' lang='lat' dir='ltr'><strong>inferiora</strong></span> <span class='ocrx_word' id='word_1_37' title='bbox 655 670 747 729; x_wconf 89' lang='lat' dir='ltr'><strong>aquae</strong></span> <span class='ocrx_word' id='word_1_38' title='bbox 776 651 910 712; x_wconf 81' lang='lat' dir='ltr'><strong>leuantur</strong></span> <span class='ocrx_word' id='word_1_39' title='bbox 938 659 968 711; x_wconf 90' lang='lat' dir='ltr'><strong>et</strong></span> <span class='ocrx_word' id='word_1_40' title='bbox 995 653 1035 711; x_wconf 88' lang='lat' dir='ltr'><strong>sit</strong></span> <span class='ocrx_word' id='word_1_41' title='bbox 1062 651 1136 710; x_wconf 90' lang='lat' dir='ltr'><strong>haec</strong></span> 
     </span>
     <span class='ocr_line' id='line_1_6' title="bbox 118 739 1176 828; baseline 0 -28"><span class='ocrx_word' id='word_1_42' title='bbox 118 747 224 800; x_wconf 89' lang='lat' dir='ltr'><strong>natura</strong></span> <span class='ocrx_word' id='word_1_43' title='bbox 257 757 358 799; x_wconf 92' lang='lat' dir='ltr'><strong>earum</strong></span> <span class='ocrx_word' id='word_1_44' title='bbox 387 740 527 828; x_wconf 42' lang='lat' dir='ltr'><strong>,consessa</strong></span> <span class='ocrx_word' id='word_1_45' title='bbox 560 759 614 800; x_wconf 93' lang='lat' dir='ltr'><strong>nec</strong></span> <span class='ocrx_word' id='word_1_46' title='bbox 647 742 804 819; x_wconf 90' lang='lat' dir='ltr'><strong>quisquam</strong></span> <span class='ocrx_word' id='word_1_47' title='bbox 838 739 952 800; x_wconf 90' lang='lat' dir='ltr'><strong>dubitet</strong></span> <span class='ocrx_word' id='word_1_48' title='bbox 984 742 1016 800; x_wconf 90' lang='lat' dir='ltr'><strong>in</strong></span> <span class='ocrx_word' id='word_1_49' title='bbox 1048 739 1135 800; x_wconf 91' lang='lat' dir='ltr'><strong>litore</strong></span> <span class='ocrx_word' id='word_1_50' title='bbox 1163 760 1176 800; x_wconf 82' lang='lat' dir='ltr'><strong>a</strong></span> 
     </span>
     <span class='ocr_line' id='line_1_7' title="bbox 117 827 1135 908; baseline 0 -21"><span class='ocrx_word' id='word_1_51' title='bbox 117 827 178 888; x_wconf 95' lang='lat' dir='ltr'><strong>ullo</strong></span> <span class='ocrx_word' id='word_1_52' title='bbox 210 830 373 888; x_wconf 76' lang='lat' dir='ltr'><strong>accessisse</strong></span> <span class='ocrx_word' id='word_1_53' title='bbox 406 847 456 889; x_wconf 92' lang='lat' dir='ltr'><strong>eas</strong></span> <span class='ocrx_word' id='word_1_54' title='bbox 489 848 547 908; x_wconf 91' lang='lat' dir='ltr'><strong>quo</strong></span> <span class='ocrx_word' id='word_1_55' title='bbox 581 828 753 908; x_wconf 80' lang='lat' dir='ltr'><strong>longissime</strong></span> <span class='ocrx_word' id='word_1_56' title='bbox 787 829 936 890; x_wconf 81' lang='lat' dir='ltr'><strong>devexitas</strong></span> <span class='ocrx_word' id='word_1_57' title='bbox 968 847 1055 907; x_wconf 88' lang='lat' dir='ltr'><strong>passa</strong></span> <span class='ocrx_word' id='word_1_58' title='bbox 1087 831 1135 906; x_wconf 87' lang='lat' dir='ltr'><strong>sit,</strong></span> 
     </span>
     <span class='ocr_line' id='line_1_8' title="bbox 117 916 1135 998; baseline 0 -22"><span class='ocrx_word' id='word_1_59' title='bbox 117 916 221 996; x_wconf 91' lang='lat' dir='ltr'><strong>procul</strong></span> <span class='ocrx_word' id='word_1_60' title='bbox 255 916 343 977; x_wconf 94' lang='lat' dir='ltr'><strong>dubio</strong></span> <span class='ocrx_word' id='word_1_61' title='bbox 376 936 532 997; x_wconf 82' lang='lat' dir='ltr'><strong>apparere,</strong></span> <span class='ocrx_word' id='word_1_62' title='bbox 565 937 623 996; x_wconf 88' lang='lat' dir='ltr'><strong>quo</strong></span> <span class='ocrx_word' id='word_1_63' title='bbox 655 917 728 997; x_wconf 85' lang='lat' dir='ltr'><strong>quid</strong></span> <span class='ocrx_word' id='word_1_64' title='bbox 755 918 897 978; x_wconf 90' lang='lat' dir='ltr'><strong>humilius</strong></span> <span class='ocrx_word' id='word_1_65' title='bbox 926 919 978 998; x_wconf 89' lang='lat' dir='ltr'><strong>sit,</strong></span> <span class='ocrx_word' id='word_1_66' title='bbox 1011 919 1135 997; x_wconf 92' lang='lat' dir='ltr'><strong>propius</strong></span> 
     </span>
    </p>

    <p class='ocr_par' dir='ltr' id='par_1_4' title="bbox 39 1006 1176 1439">
     <span class='ocr_line' id='line_1_9' title="bbox 39 1006 1136 1086; baseline 0 -20"><span class='ocrx_word' id='word_1_67' title='bbox 39 1062 43 1079; x_wconf 84' lang='grc'>,</span> <span class='ocrx_word' id='word_1_68' title='bbox 117 1024 134 1066; x_wconf 89' lang='lat' dir='ltr'><strong>a</strong></span> <span class='ocrx_word' id='word_1_69' title='bbox 162 1014 266 1066; x_wconf 89' lang='lat' dir='ltr'><strong>centro</strong></span> <span class='ocrx_word' id='word_1_70' title='bbox 295 1025 361 1066; x_wconf 89' lang='lat' dir='ltr'><strong>esse</strong></span> <span class='ocrx_word' id='word_1_71' title='bbox 389 1015 501 1085; x_wconf 90' lang='lat' dir='ltr'><strong>terrae,</strong></span> <span class='ocrx_word' id='word_1_72' title='bbox 533 1025 696 1086; x_wconf 88' lang='lat' dir='ltr'><strong>omnesque</strong></span> <span class='ocrx_word' id='word_1_73' title='bbox 724 1006 824 1085; x_wconf 89' lang='lat' dir='ltr'><strong>linias,</strong></span> <span class='ocrx_word' id='word_1_74' title='bbox 857 1026 932 1085; x_wconf 91' lang='lat' dir='ltr'><strong>quae</strong></span> <span class='ocrx_word' id='word_1_75' title='bbox 961 1009 1136 1067; x_wconf 90' lang='lat' dir='ltr'><strong>emittantur</strong></span> 
     </span>
     <span class='ocr_line' id='line_1_10' title="bbox 117 1094 1134 1175; baseline 0.001 -21"><span class='ocrx_word' id='word_1_76' title='bbox 117 1112 152 1155; x_wconf 91' lang='lat' dir='ltr'><strong>ex</strong></span> <span class='ocrx_word' id='word_1_77' title='bbox 181 1113 216 1154; x_wconf 90' lang='lat' dir='ltr'><strong>eo</strong></span> <span class='ocrx_word' id='word_1_78' title='bbox 244 1094 281 1155; x_wconf 93' lang='lat' dir='ltr'><strong>ad</strong></span> <span class='ocrx_word' id='word_1_79' title='bbox 308 1098 458 1174; x_wconf 88' lang='lat' dir='ltr'><strong>proximas</strong></span> <span class='ocrx_word' id='word_1_80' title='bbox 486 1114 589 1175; x_wconf 87' lang='lat' dir='ltr'><strong>aquas,</strong></span> <span class='ocrx_word' id='word_1_81' title='bbox 618 1096 769 1156; x_wconf 86' lang='lat' dir='ltr'><strong>breviores</strong></span> <span class='ocrx_word' id='word_1_82' title='bbox 797 1096 863 1156; x_wconf 85' lang='lat' dir='ltr'><strong>lieri</strong></span> <span class='ocrx_word' id='word_1_83' title='bbox 887 1114 975 1174; x_wconf 88' lang='lat' dir='ltr'><strong>quam</strong></span> <span class='ocrx_word' id='word_1_84' title='bbox 998 1114 1074 1173; x_wconf 86' lang='lat' dir='ltr'><strong>quae</strong></span> <span class='ocrx_word' id='word_1_85' title='bbox 1097 1095 1134 1155; x_wconf 95' lang='lat' dir='ltr'><strong>ad</strong></span> 
     </span>
     <span class='ocr_line' id='line_1_11' title="bbox 117 1187 1176 1266; baseline 0.001 -23"><span class='ocrx_word' id='word_1_86' title='bbox 117 1191 284 1244; x_wconf 89' lang='lat' dir='ltr'><strong>extremum</strong></span> <span class='ocrx_word' id='word_1_87' title='bbox 311 1202 394 1245; x_wconf 88' lang='lat' dir='ltr'><strong>mare</strong></span> <span class='ocrx_word' id='word_1_88' title='bbox 422 1203 438 1244; x_wconf 92' lang='lat' dir='ltr'><strong>a</strong></span> <span class='ocrx_word' id='word_1_89' title='bbox 466 1187 572 1263; x_wconf 89' lang='lat' dir='ltr'><strong>primis</strong></span> <span class='ocrx_word' id='word_1_90' title='bbox 600 1187 698 1266; x_wconf 82' lang='lat' dir='ltr'><strong>aquis3</strong></span> <span class='ocrx_word' id='word_1_91' title='bbox 727 1203 797 1263; x_wconf 90' lang='lat' dir='ltr'><strong>ergo</strong></span> <span class='ocrx_word' id='word_1_92' title='bbox 825 1193 901 1244; x_wconf 84' lang='lat' dir='ltr'><strong>totas</strong></span> <span class='ocrx_word' id='word_1_93' title='bbox 929 1187 1069 1264; x_wconf 88' lang='lat' dir='ltr'><strong>omnique</strong></span> <span class='ocrx_word' id='word_1_94' title='bbox 1097 1203 1134 1244; x_wconf 90' lang='lat' dir='ltr'><strong>ex</strong></span> <span class='ocrx_word' id='word_1_95' title='bbox 1149 1205 1176 1244; x_wconf 79' lang='lat' dir='ltr'><strong>ro</strong></span> 
     </span>
     <span class='ocr_line' id='line_1_12' title="bbox 116 1273 1133 1353; baseline 0.001 -21"><span class='ocrx_word' id='word_1_96' title='bbox 116 1280 199 1350; x_wconf 90' lang='lat' dir='ltr'><strong>parte</strong></span> <span class='ocrx_word' id='word_1_97' title='bbox 232 1291 323 1351; x_wconf 85' lang='lat' dir='ltr'><strong>aquas</strong></span> <span class='ocrx_word' id='word_1_98' title='bbox 355 1292 477 1353; x_wconf 88' lang='lat' dir='ltr'><strong>vergere</strong></span> <span class='ocrx_word' id='word_1_99' title='bbox 510 1276 542 1334; x_wconf 90' lang='lat' dir='ltr'><strong>in</strong></span> <span class='ocrx_word' id='word_1_100' title='bbox 574 1282 711 1334; x_wconf 81' lang='lat' dir='ltr'><strong>centrum</strong></span> <span class='ocrx_word' id='word_1_101' title='bbox 743 1273 869 1352; x_wconf 88' lang='lat' dir='ltr'><strong>ideoque</strong></span> <span class='ocrx_word' id='word_1_102' title='bbox 898 1292 958 1333; x_wconf 92' lang='lat' dir='ltr'><strong>non</strong></span> <span class='ocrx_word' id='word_1_103' title='bbox 986 1273 1133 1351; x_wconf 84' lang='lat' dir='ltr'><strong>decidere,</strong></span> 
     </span>
     <span class='ocr_line' id='line_1_13' title="bbox 116 1363 642 1439; baseline 0.006 -19"><span class='ocrx_word' id='word_1_104' title='bbox 116 1363 256 1439; x_wconf 89' lang='lat' dir='ltr'><strong>quoniam</strong></span> <span class='ocrx_word' id='word_1_105' title='bbox 280 1364 311 1421; x_wconf 92' lang='lat' dir='ltr'><strong>in</strong></span> <span class='ocrx_word' id='word_1_106' title='bbox 335 1364 478 1423; x_wconf 88' lang='lat' dir='ltr'><strong>interiora</strong></span> <span class='ocrx_word' id='word_1_107' title='bbox 501 1364 642 1423; x_wconf 89' lang='lat' dir='ltr'><strong>nitantur.</strong></span> 
     </span>
    </p>

    <p class='ocr_par' dir='ltr' id='par_1_5' title="bbox 46 1443 1174 2684">
     <span class='ocr_line' id='line_1_14' title="bbox 46 1443 1132 1534; baseline 0.002 -25"><span class='ocrx_word' id='word_1_108' title='bbox 46 1461 96 1510; x_wconf 87' lang='grc'><strong>166</strong></span> <span class='ocrx_word' id='word_1_109' title='bbox 206 1443 278 1534; x_wconf 84' lang='grc'><strong>(66)</strong></span> <span class='ocrx_word' id='word_1_110' title='bbox 308 1450 392 1522; x_wconf 83' lang='lat' dir='ltr'><strong>Quod</strong></span> <span class='ocrx_word' id='word_1_111' title='bbox 420 1453 460 1512; x_wconf 92' lang='lat' dir='ltr'><strong>ita</strong></span> <span class='ocrx_word' id='word_1_112' title='bbox 489 1451 632 1511; x_wconf 79' lang='lat' dir='ltr'><strong>formasse</strong></span> <span class='ocrx_word' id='word_1_113' title='bbox 660 1452 766 1511; x_wconf 75' lang='lat' dir='ltr'><strong>artifex</strong></span> <span class='ocrx_word' id='word_1_114' title='bbox 794 1459 899 1512; x_wconf 89' lang='lat' dir='ltr'><strong>natura</strong></span> <span class='ocrx_word' id='word_1_115' title='bbox 927 1451 1009 1512; x_wconf 88' lang='lat' dir='ltr'><strong>credi</strong></span> <span class='ocrx_word' id='word_1_116' title='bbox 1036 1451 1132 1529; x_wconf 88' lang='lat' dir='ltr'><strong>debet,</strong></span> 
     </span>
     <span class='ocr_line' id='line_1_15' title="bbox 115 1539 1132 1618; baseline 0.002 -21"><span class='ocrx_word' id='word_1_117' title='bbox 115 1546 161 1616; x_wconf 82' lang='lat' dir='ltr'><strong>ut,</strong></span> <span class='ocrx_word' id='word_1_118' title='bbox 194 1558 262 1599; x_wconf 89' lang='lat' dir='ltr'><strong>cum</strong></span> <span class='ocrx_word' id='word_1_119' title='bbox 293 1548 374 1600; x_wconf 89' lang='lat' dir='ltr'><strong>terra</strong></span> <span class='ocrx_word' id='word_1_120' title='bbox 406 1539 488 1600; x_wconf 91' lang='lat' dir='ltr'><strong>arida</strong></span> <span class='ocrx_word' id='word_1_121' title='bbox 520 1549 551 1600; x_wconf 90' lang='lat' dir='ltr'><strong>et</strong></span> <span class='ocrx_word' id='word_1_122' title='bbox 582 1542 662 1601; x_wconf 88' lang='lat' dir='ltr'><strong>sicca</strong></span> <span class='ocrx_word' id='word_1_123' title='bbox 694 1548 830 1601; x_wconf 87' lang='lat' dir='ltr'><strong>constare</strong></span> <span class='ocrx_word' id='word_1_124' title='bbox 862 1559 918 1618; x_wconf 90' lang='lat' dir='ltr'><strong>per</strong></span> <span class='ocrx_word' id='word_1_125' title='bbox 945 1558 976 1600; x_wconf 91' lang='lat' dir='ltr'><strong>se</strong></span> <span class='ocrx_word' id='word_1_126' title='bbox 1005 1559 1039 1600; x_wconf 90' lang='lat' dir='ltr'><strong>ac</strong></span> <span class='ocrx_word' id='word_1_127' title='bbox 1068 1543 1132 1600; x_wconf 94' lang='lat' dir='ltr'><strong>sine</strong></span> 
     </span>
     <span class='ocr_line' id='line_1_16' title="bbox 115 1631 1174 1709; baseline 0.003 -23"><span class='ocrx_word' id='word_1_128' title='bbox 115 1646 219 1688; x_wconf 91' lang='lat' dir='ltr'><strong>umore</strong></span> <span class='ocrx_word' id='word_1_129' title='bbox 247 1645 307 1689; x_wconf 93' lang='lat' dir='ltr'><strong>non</strong></span> <span class='ocrx_word' id='word_1_130' title='bbox 329 1638 444 1708; x_wconf 88' lang='lat' dir='ltr'><strong>posset,</strong></span> <span class='ocrx_word' id='word_1_131' title='bbox 473 1648 529 1689; x_wconf 91' lang='lat' dir='ltr'><strong>nec</strong></span> <span class='ocrx_word' id='word_1_132' title='bbox 552 1648 658 1690; x_wconf 91' lang='lat' dir='ltr'><strong>rursus</strong></span> <span class='ocrx_word' id='word_1_133' title='bbox 681 1637 761 1690; x_wconf 89' lang='lat' dir='ltr'><strong>stare</strong></span> <span class='ocrx_word' id='word_1_134' title='bbox 785 1647 860 1709; x_wconf 89' lang='lat' dir='ltr'><strong>aqua</strong></span> <span class='ocrx_word' id='word_1_135' title='bbox 883 1631 943 1689; x_wconf 91' lang='lat' dir='ltr'><strong>uisi</strong></span> <span class='ocrx_word' id='word_1_136' title='bbox 965 1631 1174 1689; x_wconf 80' lang='lat' dir='ltr'><strong>sustinentem</strong></span> 
     </span>
     <span class='ocr_line' id='line_1_17' title="bbox 116 1717 1132 1798; baseline 0.003 -23"><span class='ocrx_word' id='word_1_137' title='bbox 116 1726 208 1795; x_wconf 89' lang='lat' dir='ltr'><strong>terra,</strong></span> <span class='ocrx_word' id='word_1_138' title='bbox 241 1725 344 1778; x_wconf 91' lang='lat' dir='ltr'><strong>mutuo</strong></span> <span class='ocrx_word' id='word_1_139' title='bbox 379 1718 500 1797; x_wconf 85' lang='lat' dir='ltr'><strong>inplexu</strong></span> <span class='ocrx_word' id='word_1_140' title='bbox 533 1721 742 1798; x_wconf 89' lang='lat' dir='ltr'><strong>iungerentur,</strong></span> <span class='ocrx_word' id='word_1_141' title='bbox 773 1719 829 1778; x_wconf 92' lang='lat' dir='ltr'><strong>hac</strong></span> <span class='ocrx_word' id='word_1_142' title='bbox 861 1721 944 1778; x_wconf 90' lang='lat' dir='ltr'><strong>sinus</strong></span> <span class='ocrx_word' id='word_1_143' title='bbox 975 1717 1132 1797; x_wconf 86' lang='lat' dir='ltr'><strong>pandente,</strong></span> 
     </span>
     <span class='ocr_line' id='line_1_18' title="bbox 115 1804 1132 1886; baseline 0.002 -22"><span class='ocrx_word' id='word_1_144' title='bbox 115 1804 164 1864; x_wconf 92' lang='lat' dir='ltr'><strong>illa</strong></span> <span class='ocrx_word' id='word_1_145' title='bbox 188 1824 258 1866; x_wconf 86' lang='lat' dir='ltr'><strong>vero</strong></span> <span class='ocrx_word' id='word_1_146' title='bbox 281 1814 453 1885; x_wconf 88' lang='lat' dir='ltr'><strong>permeante</strong></span> <span class='ocrx_word' id='word_1_147' title='bbox 476 1815 577 1886; x_wconf 92' lang='lat' dir='ltr'><strong>totam,</strong></span> <span class='ocrx_word' id='word_1_148' title='bbox 600 1809 679 1868; x_wconf 91' lang='lat' dir='ltr'><strong>intra</strong></span> <span class='ocrx_word' id='word_1_149' title='bbox 702 1815 794 1885; x_wconf 89' lang='lat' dir='ltr'><strong>extra,</strong></span> <span class='ocrx_word' id='word_1_150' title='bbox 818 1826 907 1885; x_wconf 90' lang='lat' dir='ltr'><strong>supra</strong></span> <span class='ocrx_word' id='word_1_151' title='bbox 931 1807 1025 1884; x_wconf 77' lang='lat' dir='ltr'><strong>infra,</strong></span> <span class='ocrx_word' id='word_1_152' title='bbox 1048 1810 1132 1866; x_wconf 84' lang='lat' dir='ltr'><strong>renis</strong></span> 
     </span>
     <span class='ocr_line' id='line_1_19' title="bbox 115 1894 1132 1976; baseline 0.003 -23"><span class='ocrx_word' id='word_1_153' title='bbox 115 1902 148 1954; x_wconf 93' lang='lat' dir='ltr'><strong>ut</strong></span> <span class='ocrx_word' id='word_1_154' title='bbox 175 1894 302 1955; x_wconf 89' lang='lat' dir='ltr'><strong>vinculis</strong></span> <span class='ocrx_word' id='word_1_155' title='bbox 331 1894 582 1974; x_wconf 81' lang='lat' dir='ltr'><strong>discurrentibus,</strong></span> <span class='ocrx_word' id='word_1_156' title='bbox 611 1905 699 1976; x_wconf 88' lang='lat' dir='ltr'><strong>atque</strong></span> <span class='ocrx_word' id='word_1_157' title='bbox 728 1898 817 1956; x_wconf 94' lang='lat' dir='ltr'><strong>etiam</strong></span> <span class='ocrx_word' id='word_1_158' title='bbox 846 1898 878 1956; x_wconf 93' lang='lat' dir='ltr'><strong>in</strong></span> <span class='ocrx_word' id='word_1_159' title='bbox 906 1899 1031 1956; x_wconf 91' lang='lat' dir='ltr'><strong>summis</strong></span> <span class='ocrx_word' id='word_1_160' title='bbox 1054 1899 1132 1973; x_wconf 87' lang='lat' dir='ltr'><strong>iugis</strong></span> 
     </span>
     <span class='ocr_line' id='line_1_20' title="bbox 115 1984 1132 2064; baseline 0.002 -22"><span class='ocrx_word' id='word_1_161' title='bbox 115 1992 303 2062; x_wconf 84' lang='lat' dir='ltr'><strong>erumpente,</strong></span> <span class='ocrx_word' id='word_1_162' title='bbox 337 2004 395 2063; x_wconf 90' lang='lat' dir='ltr'><strong>quo</strong></span> <span class='ocrx_word' id='word_1_163' title='bbox 424 1987 531 2063; x_wconf 91' lang='lat' dir='ltr'><strong>spiritu</strong></span> <span class='ocrx_word' id='word_1_164' title='bbox 555 1994 619 2046; x_wconf 90' lang='lat' dir='ltr'><strong>acta</strong></span> <span class='ocrx_word' id='word_1_165' title='bbox 648 1993 677 2046; x_wconf 91' lang='lat' dir='ltr'><strong>et</strong></span> <span class='ocrx_word' id='word_1_166' title='bbox 704 1993 802 2046; x_wconf 92' lang='lat' dir='ltr'><strong>terrae</strong></span> <span class='ocrx_word' id='word_1_167' title='bbox 830 1984 962 2064; x_wconf 88' lang='lat' dir='ltr'><strong>pondere</strong></span> <span class='ocrx_word' id='word_1_168' title='bbox 991 2002 1132 2064; x_wconf 87' lang='lat' dir='ltr'><strong>expressa</strong></span> 
     </span>
     <span class='ocr_line' id='line_1_21' title="bbox 115 2071 1173 2152; baseline 0.005 -22"><span class='ocrx_word' id='word_1_169' title='bbox 115 2071 272 2150; x_wconf 87' lang='lat' dir='ltr'><strong>siphonum</strong></span> <span class='ocrx_word' id='word_1_170' title='bbox 306 2073 393 2134; x_wconf 94' lang='lat' dir='ltr'><strong>modo</strong></span> <span class='ocrx_word' id='word_1_171' title='bbox 425 2076 534 2135; x_wconf 92' lang='lat' dir='ltr'><strong>emicat</strong></span> <span class='ocrx_word' id='word_1_172' title='bbox 562 2081 736 2152; x_wconf 88' lang='lat' dir='ltr'><strong>tantumque</strong></span> <span class='ocrx_word' id='word_1_173' title='bbox 765 2093 781 2134; x_wconf 96' lang='lat' dir='ltr'><strong>a</strong></span> <span class='ocrx_word' id='word_1_174' title='bbox 809 2073 942 2151; x_wconf 91' lang='lat' dir='ltr'><strong>periculo</strong></span> <span class='ocrx_word' id='word_1_175' title='bbox 974 2073 1131 2134; x_wconf 89' lang='lat' dir='ltr'><strong>decidendi</strong></span> <span class='ocrx_word' id='word_1_176' title='bbox 1146 2093 1173 2135; x_wconf 81' lang='lat' dir='ltr'><strong>ao</strong></span> 
     </span>
     <span class='ocr_line' id='line_1_22' title="bbox 114 2159 1131 2242; baseline 0.002 -22"><span class='ocrx_word' id='word_1_177' title='bbox 114 2159 209 2238; x_wconf 92' lang='lat' dir='ltr'><strong>abest,</strong></span> <span class='ocrx_word' id='word_1_178' title='bbox 243 2170 276 2222; x_wconf 92' lang='lat' dir='ltr'><strong>ut</strong></span> <span class='ocrx_word' id='word_1_179' title='bbox 303 2165 334 2222; x_wconf 89' lang='lat' dir='ltr'><strong>in</strong></span> <span class='ocrx_word' id='word_1_180' title='bbox 363 2182 478 2223; x_wconf 88' lang='lat' dir='ltr'><strong>summa</strong></span> <span class='ocrx_word' id='word_1_181' title='bbox 507 2181 640 2242; x_wconf 88' lang='lat' dir='ltr'><strong>quaeque</strong></span> <span class='ocrx_word' id='word_1_182' title='bbox 669 2171 698 2224; x_wconf 96' lang='lat' dir='ltr'><strong>et</strong></span> <span class='ocrx_word' id='word_1_183' title='bbox 727 2162 870 2224; x_wconf 88' lang='lat' dir='ltr'><strong>altissima</strong></span> <span class='ocrx_word' id='word_1_184' title='bbox 898 2163 1022 2223; x_wconf 87' lang='lat' dir='ltr'><strong>exsiliat.</strong></span> <span class='ocrx_word' id='word_1_185' title='bbox 1073 2182 1131 2242; x_wconf 87' lang='lat' dir='ltr'><strong>qua</strong></span> 
     </span>
     <span class='ocr_line' id='line_1_23' title="bbox 114 2251 1130 2330; baseline 0.002 -22"><span class='ocrx_word' id='word_1_186' title='bbox 114 2252 228 2311; x_wconf 91' lang='lat' dir='ltr'><strong>ratione</strong></span> <span class='ocrx_word' id='word_1_187' title='bbox 265 2252 455 2312; x_wconf 79' lang='lat' dir='ltr'><strong>manifestum</strong></span> <span class='ocrx_word' id='word_1_188' title='bbox 493 2260 551 2330; x_wconf 82' lang='lat' dir='ltr'><strong>est,</strong></span> <span class='ocrx_word' id='word_1_189' title='bbox 589 2271 680 2330; x_wconf 88' lang='lat' dir='ltr'><strong>quare</strong></span> <span class='ocrx_word' id='word_1_190' title='bbox 716 2259 759 2312; x_wconf 91' lang='lat' dir='ltr'><strong>tot</strong></span> <span class='ocrx_word' id='word_1_191' title='bbox 793 2251 951 2312; x_wconf 83' lang='lat' dir='ltr'><strong>fluminum</strong></span> <span class='ocrx_word' id='word_1_192' title='bbox 983 2251 1130 2312; x_wconf 88' lang='lat' dir='ltr'><strong>cotidiano</strong></span> 
     </span>
     <span class='ocr_line' id='line_1_24' title="bbox 114 2336 1131 2419; baseline 0.002 -21"><span class='ocrx_word' id='word_1_193' title='bbox 114 2356 236 2399; x_wconf 87' lang='lat' dir='ltr'><strong>accessu</strong></span> <span class='ocrx_word' id='word_1_194' title='bbox 265 2343 358 2400; x_wconf 90' lang='lat' dir='ltr'><strong>maria</strong></span> <span class='ocrx_word' id='word_1_195' title='bbox 386 2360 446 2401; x_wconf 93' lang='lat' dir='ltr'><strong>non</strong></span> <span class='ocrx_word' id='word_1_196' title='bbox 474 2349 617 2401; x_wconf 85' lang='lat' dir='ltr'><strong>crescant</strong></span> <span class='ocrx_word' id='word_1_197' title='bbox 664 2336 723 2404; x_wconf 81' lang='lat' dir='ltr'><strong>tto.</strong></span> <span class='ocrx_word' id='word_1_198' title='bbox 750 2349 795 2400; x_wconf 91' lang='lat' dir='ltr'><strong>est</strong></span> <span class='ocrx_word' id='word_1_199' title='bbox 823 2343 914 2419; x_wconf 89' lang='lat' dir='ltr'><strong>igitur</strong></span> <span class='ocrx_word' id='word_1_200' title='bbox 937 2343 968 2401; x_wconf 93' lang='lat' dir='ltr'><strong>in</strong></span> <span class='ocrx_word' id='word_1_201' title='bbox 992 2347 1053 2401; x_wconf 93' lang='lat' dir='ltr'><strong>toto</strong></span> <span class='ocrx_word' id='word_1_202' title='bbox 1077 2360 1131 2400; x_wconf 90' lang='lat' dir='ltr'><strong>suo</strong></span> 
     </span>
     <span class='ocr_line' id='line_1_25' title="bbox 114 2427 1130 2508; baseline 0.002 -22"><span class='ocrx_word' id='word_1_203' title='bbox 114 2427 199 2505; x_wconf 80' lang='lat' dir='ltr'><strong>globo</strong></span> <span class='ocrx_word' id='word_1_204' title='bbox 236 2429 325 2490; x_wconf 91' lang='lat' dir='ltr'><strong>tellus</strong></span> <span class='ocrx_word' id='word_1_205' title='bbox 361 2430 460 2490; x_wconf 92' lang='lat' dir='ltr'><strong>medio</strong></span> <span class='ocrx_word' id='word_1_206' title='bbox 492 2429 605 2490; x_wconf 89' lang='lat' dir='ltr'><strong>ambitu</strong></span> <span class='ocrx_word' id='word_1_207' title='bbox 637 2432 807 2508; x_wconf 89' lang='lat' dir='ltr'><strong>praecincta</strong></span> <span class='ocrx_word' id='word_1_208' title='bbox 839 2429 1013 2490; x_wconf 80' lang='lat' dir='ltr'><strong>circumfluo</strong></span> <span class='ocrx_word' id='word_1_209' title='bbox 1045 2432 1130 2507; x_wconf 87' lang='lat' dir='ltr'><strong>mari,</strong></span> 
     </span>
     <span class='ocr_line' id='line_1_26' title="bbox 113 2517 1170 2597; baseline 0.003 -21"><span class='ocrx_word' id='word_1_210' title='bbox 113 2535 169 2576; x_wconf 91' lang='lat' dir='ltr'><strong>uec</strong></span> <span class='ocrx_word' id='word_1_211' title='bbox 192 2521 376 2596; x_wconf 81' lang='lat' dir='ltr'><strong>argumentis</strong></span> <span class='ocrx_word' id='word_1_212' title='bbox 398 2519 455 2579; x_wconf 92' lang='lat' dir='ltr'><strong>hoc</strong></span> <span class='ocrx_word' id='word_1_213' title='bbox 478 2518 729 2597; x_wconf 84' lang='lat' dir='ltr'><strong>investigandum,</strong></span> <span class='ocrx_word' id='word_1_214' title='bbox 759 2517 812 2579; x_wconf 90' lang='lat' dir='ltr'><strong>sed</strong></span> <span class='ocrx_word' id='word_1_215' title='bbox 835 2520 893 2578; x_wconf 90' lang='lat' dir='ltr'><strong>iam</strong></span> <span class='ocrx_word' id='word_1_216' title='bbox 917 2520 1129 2597; x_wconf 90' lang='lat' dir='ltr'><strong>experimentis</strong></span> <span class='ocrx_word' id='word_1_217' title='bbox 1145 2537 1170 2579; x_wconf 78' lang='lat' dir='ltr'><strong>aa</strong></span> 
     </span>
     <span class='ocr_line' id='line_1_27' title="bbox 114 2608 274 2684; baseline 0.019 -20"><span class='ocrx_word' id='word_1_218' title='bbox 114 2608 274 2684; x_wconf 88' lang='lat' dir='ltr'><strong>cognitum.</strong></span> 
     </span>
    </p>
   </div>
   <div class='ocr_carea' id='block_1_3' title="bbox 44 2689 1129 2864">
    <p class='ocr_par' dir='ltr' id='par_1_6' title="bbox 44 2689 1129 2864">
     <span class='ocr_line' id='line_1_28' title="bbox 44 2689 1129 2780; baseline 0.002 -27"><span class='ocrx_word' id='word_1_219' title='bbox 44 2705 93 2753; x_wconf 75' lang='lat'><strong>167</strong></span> <span class='ocrx_word' id='word_1_220' title='bbox 203 2690 261 2757; x_wconf 81' lang='grc'><strong>67.</strong></span> <span class='ocrx_word' id='word_1_221' title='bbox 287 2689 359 2780; x_wconf 75' lang='grc'><strong>(67)</strong></span> <span class='ocrx_word' id='word_1_222' title='bbox 384 2698 407 2756; x_wconf 84' lang='grc' dir='ltr'><strong>Α</strong></span> <span class='ocrx_word' id='word_1_223' title='bbox 431 2695 562 2757; x_wconf 87' lang='lat' dir='ltr'><strong>Gadibus</strong></span> <span class='ocrx_word' id='word_1_224' title='bbox 586 2696 790 2775; x_wconf 87' lang='lat' dir='ltr'><strong>columnisque</strong></span> <span class='ocrx_word' id='word_1_225' title='bbox 813 2696 951 2757; x_wconf 90' lang='lat' dir='ltr'><strong>Herculis</strong></span> <span class='ocrx_word' id='word_1_226' title='bbox 970 2696 1129 2775; x_wconf 90' lang='lat' dir='ltr'><strong>Hispaniae</strong></span> 
     </span>
     <span class='ocr_line' id='line_1_29' title="bbox 113 2782 1128 2864; baseline 0.002 -22"><span class='ocrx_word' id='word_1_227' title='bbox 113 2791 143 2842; x_wconf 90' lang='lat' dir='ltr'><strong>et</strong></span> <span class='ocrx_word' id='word_1_228' title='bbox 184 2782 344 2844; x_wconf 87' lang='lat' dir='ltr'><strong>Galliarum</strong></span> <span class='ocrx_word' id='word_1_229' title='bbox 382 2788 511 2846; x_wconf 90' lang='lat' dir='ltr'><strong>circuitu</strong></span> <span class='ocrx_word' id='word_1_230' title='bbox 547 2793 627 2845; x_wconf 93' lang='lat' dir='ltr'><strong>totus</strong></span> <span class='ocrx_word' id='word_1_231' title='bbox 664 2785 751 2845; x_wconf 89' lang='lat' dir='ltr'><strong>hodio</strong></span> <span class='ocrx_word' id='word_1_232' title='bbox 789 2788 943 2864; x_wconf 89' lang='lat' dir='ltr'><strong>navigatur</strong></span> <span class='ocrx_word' id='word_1_233' title='bbox 980 2784 1128 2845; x_wconf 91' lang='lat' dir='ltr'><strong>occidens.</strong></span> 
     </span>
    </p>
   </div>
   <div class='ocr_carea' id='block_1_4' title="bbox 111 2955 1129 3239">
    <p class='ocr_par' dir='ltr' id='par_1_7' title="bbox 111 2955 1129 3239">
     <span class='ocr_line' id='line_1_30' title="bbox 183 2955 1129 3026; baseline 0.001 -18"><span class='ocrx_word' id='word_1_234' title='bbox 183 2961 353 3021; x_wconf 64' lang='grc'>6166166</span> <span class='ocrx_word' id='word_1_235' title='bbox 379 2960 504 3026; x_wconf 83' lang='lat'>(10—19)</span> <span class='ocrx_word' id='word_1_236' title='bbox 524 2957 602 3010; x_wconf 72' lang='lat' dir='ltr'><strong>Beda</strong></span> <span class='ocrx_word' id='word_1_237' title='bbox 620 2975 645 3009; x_wconf 87' lang='lat' dir='ltr'><strong>n.</strong></span> <span class='ocrx_word' id='word_1_238' title='bbox 661 2974 682 3010; x_wconf 84' lang='lat' dir='ltr'><strong>r.</strong></span> <span class='ocrx_word' id='word_1_239' title='bbox 698 2963 741 3011; x_wconf 82' lang='lat'><strong>44.</strong></span> <span class='ocrx_word' id='word_1_240' title='bbox 760 2989 794 2997; x_wconf 92' lang='lat'><em>-</em></span> <span class='ocrx_word' id='word_1_241' title='bbox 813 2963 828 3022; x_wconf 66' lang='lat' dir='ltr'><strong>n</strong></span> <span class='ocrx_word' id='word_1_242' title='bbox 845 2961 907 3010; x_wconf 82' lang='lat' dir='ltr'><strong>too:</strong></span> <span class='ocrx_word' id='word_1_243' title='bbox 927 2956 976 3010; x_wconf 73' lang='lat' dir='ltr'><strong>etr.</strong></span> <span class='ocrx_word' id='word_1_244' title='bbox 996 2955 1058 3009; x_wconf 73' lang='lat' dir='ltr'><strong>nen.</strong></span> <span class='ocrx_word' id='word_1_245' title='bbox 1077 2955 1129 3020; x_wconf 81' lang='lat' dir='ltr'><strong>NQ</strong></span> 
     </span>
     <span class='ocr_line' id='line_1_31' title="bbox 111 3024 1128 3097; baseline 0.002 -18"><span class='ocrx_word' id='word_1_246' title='bbox 111 3024 193 3079; x_wconf 79' lang='lat'>1118.</span> <span class='ocrx_word' id='word_1_247' title='bbox 217 3033 298 3091; x_wconf 72' lang='lat'><strong>15,1.</strong></span> <span class='ocrx_word' id='word_1_248' title='bbox 319 3033 374 3093; x_wconf 85' lang='lat'><strong>7,3</strong></span> <span class='ocrx_word' id='word_1_249' title='bbox 394 3031 422 3082; x_wconf 79' lang='lat' dir='ltr'><strong>el</strong></span> <span class='ocrx_word' id='word_1_250' title='bbox 440 3035 465 3081; x_wconf 84' lang='lat'><strong>4.</strong></span> <span class='ocrx_word' id='word_1_251' title='bbox 483 3034 507 3081; x_wconf 79' lang='lat'><strong>4.</strong></span> <span class='ocrx_word' id='word_1_252' title='bbox 525 3033 550 3082; x_wconf 81' lang='lat' dir='ltr'><strong>b.</strong></span> <span class='ocrx_word' id='word_1_253' title='bbox 570 3060 603 3069; x_wconf 90' lang='lat'>—</span> <span class='ocrx_word' id='word_1_254' title='bbox 624 3031 676 3097; x_wconf 79' lang='lat' dir='ltr'><strong>(ta.</strong></span> <span class='ocrx_word' id='word_1_255' title='bbox 692 3032 737 3096; x_wconf 78' lang='lat'><strong>24)</strong></span> <span class='ocrx_word' id='word_1_256' title='bbox 756 3028 805 3082; x_wconf 82' lang='lat' dir='ltr'><strong>cfr.</strong></span> <span class='ocrx_word' id='word_1_257' title='bbox 820 3027 895 3081; x_wconf 74' lang='lat' dir='ltr'><strong>Melit</strong></span> <span class='ocrx_word' id='word_1_258' title='bbox 912 3027 951 3080; x_wconf 85' lang='grc' dir='ltr'><strong>ΠΙ</strong></span> <span class='ocrx_word' id='word_1_259' title='bbox 969 3033 1012 3081; x_wconf 82' lang='grc'><strong>44.</strong></span> <span class='ocrx_word' id='word_1_260' title='bbox 1032 3033 1074 3081; x_wconf 81' lang='grc'><strong>46.</strong></span> <span class='ocrx_word' id='word_1_261' title='bbox 1095 3059 1128 3067; x_wconf 87' lang='grc'><strong>-</strong></span> 
     </span>
     <span class='ocr_line' id='line_1_32' title="bbox 112 3097 1127 3169; baseline 0.002 -19"><span class='ocrx_word' id='word_1_262' title='bbox 112 3103 127 3162; x_wconf 65' lang='lat' dir='ltr'>t</span> <span class='ocrx_word' id='word_1_263' title='bbox 147 3103 211 3152; x_wconf 76' lang='lat'><strong>167:</strong></span> <span class='ocrx_word' id='word_1_264' title='bbox 236 3097 332 3166; x_wconf 84' lang='lat' dir='ltr'><strong>MOap.</strong></span> <span class='ocrx_word' id='word_1_265' title='bbox 348 3098 386 3152; x_wconf 85' lang='lat' dir='ltr'><strong>VI</strong></span> <span class='ocrx_word' id='word_1_266' title='bbox 405 3104 554 3152; x_wconf 81' lang='grc'>617-619.</span> <span class='ocrx_word' id='word_1_267' title='bbox 579 3099 750 3169; x_wconf 85' lang='lat' dir='ltr'><strong>ef1.Berger</strong></span> <span class='ocrx_word' id='word_1_268' title='bbox 768 3098 909 3152; x_wconf 73' lang='lat' dir='ltr'><strong>Eratosth.</strong></span> <span class='ocrx_word' id='word_1_269' title='bbox 927 3099 1026 3168; x_wconf 74' lang='lat' dir='ltr'><strong>fragm.</strong></span> <span class='ocrx_word' id='word_1_270' title='bbox 1042 3116 1070 3167; x_wconf 90' lang='lat' dir='ltr'><strong>p.</strong></span> <span class='ocrx_word' id='word_1_271' title='bbox 1085 3104 1127 3153; x_wconf 86' lang='lat'><strong>91.</strong></span> 
     </span>
     <span class='ocr_line' id='line_1_33' title="bbox 112 3168 928 3239; baseline 0.001 -18"><span class='ocrx_word' id='word_1_272' title='bbox 112 3169 171 3236; x_wconf 86' lang='lat' dir='ltr'><strong>(cfr.</strong></span> <span class='ocrx_word' id='word_1_273' title='bbox 186 3168 286 3223; x_wconf 87' lang='lat' dir='ltr'><strong>Vellei.</strong></span> <span class='ocrx_word' id='word_1_274' title='bbox 305 3170 331 3222; x_wconf 90' lang='lat' dir='ltr'><strong>H</strong></span> <span class='ocrx_word' id='word_1_275' title='bbox 351 3176 411 3236; x_wconf 88' lang='lat'><strong>106,</strong></span> <span class='ocrx_word' id='word_1_276' title='bbox 426 3175 449 3223; x_wconf 81' lang='lat'><strong>3.</strong></span> <span class='ocrx_word' id='word_1_277' title='bbox 476 3170 541 3224; x_wconf 86' lang='lat' dir='ltr'><strong>Tae.</strong></span> <span class='ocrx_word' id='word_1_278' title='bbox 557 3169 647 3224; x_wconf 85' lang='lat' dir='ltr'><strong>Germ.</strong></span> <span class='ocrx_word' id='word_1_279' title='bbox 664 3176 706 3224; x_wconf 81' lang='lat'><strong>34.</strong></span> <span class='ocrx_word' id='word_1_280' title='bbox 732 3169 804 3225; x_wconf 85' lang='lat' dir='ltr'><strong>Plin.</strong></span> <span class='ocrx_word' id='word_1_281' title='bbox 819 3169 857 3224; x_wconf 86' lang='lat' dir='ltr'><strong>VI</strong></span> <span class='ocrx_word' id='word_1_282' title='bbox 877 3173 928 3239; x_wconf 77' lang='lat'>58).</span> 
     </span>
    </p>
   </div>
   <div class='ocr_carea' id='block_1_5' title="bbox 71 3311 1132 3601">
    <p class='ocr_par' dir='ltr' id='par_1_8' title="bbox 184 3311 1127 3384">
     <span class='ocr_line' id='line_1_34' title="bbox 184 3311 1127 3384; baseline 0 -19"><span class='ocrx_word' id='word_1_283' title='bbox 184 3320 197 3365; x_wconf 89' lang='lat'>1</span> <span class='ocrx_word' id='word_1_284' title='bbox 218 3311 302 3381; x_wconf 83' lang='lat' dir='ltr'><strong>plena</strong></span> <span class='ocrx_word' id='word_1_285' title='bbox 321 3313 403 3364; x_wconf 67' lang='lat'><strong>11¹8</strong></span> <span class='ocrx_word' id='word_1_286' title='bbox 476 3319 492 3366; x_wconf 88' lang='grc'>6</span> <span class='ocrx_word' id='word_1_287' title='bbox 508 3315 539 3384; x_wconf 67' lang='lat' dir='ltr'><strong>sss</strong></span> <span class='ocrx_word' id='word_1_288' title='bbox 550 3312 601 3366; x_wconf 85' lang='lat' dir='ltr'><strong>illo</strong></span> <span class='ocrx_word' id='word_1_289' title='bbox 616 3312 654 3366; x_wconf 72' lang='grc' dir='ltr'><strong>α’.</strong></span> <span class='ocrx_word' id='word_1_290' title='bbox 676 3311 751 3366; x_wconf 86' lang='lat' dir='ltr'><strong>ultro</strong></span> <span class='ocrx_word' id='word_1_291' title='bbox 765 3313 885 3367; x_wconf 80' lang='lat' dir='ltr'><strong>eoni.D²</strong></span> <span class='ocrx_word' id='word_1_292' title='bbox 957 3316 973 3364; x_wconf 92' lang='lat'>8</span> <span class='ocrx_word' id='word_1_293' title='bbox 992 3313 1127 3381; x_wconf 83' lang='lat' dir='ltr'><strong>atl.c(S).</strong></span> 
     </span>
    </p>

    <p class='ocr_par' dir='ltr' id='par_1_9' title="bbox 84 3382 1128 3529">
     <span class='ocr_line' id='line_1_35' title="bbox 102 3382 1128 3451; baseline 0.003 -19"><span class='ocrx_word' id='word_1_294' title='bbox 102 3382 194 3434; x_wconf 68' lang='lat' dir='ltr'><strong>am</strong></span> <span class='ocrx_word' id='word_1_295' title='bbox 265 3387 435 3437; x_wconf 68' lang='lat' dir='ltr'><strong>limaturae</strong></span> <span class='ocrx_word' id='word_1_296' title='bbox 448 3390 509 3436; x_wconf 76' lang='lat' dir='ltr'><strong>m</strong></span> <span class='ocrx_word' id='word_1_297' title='bbox 583 3391 615 3437; x_wconf 75' lang='lat'><strong>16</strong></span> <span class='ocrx_word' id='word_1_298' title='bbox 630 3400 703 3451; x_wconf 89' lang='lat' dir='ltr'><strong>aque</strong></span> <span class='ocrx_word' id='word_1_299' title='bbox 718 3390 766 3439; x_wconf 79' lang='lat' dir='ltr'><strong>d&#39;r.</strong></span> <span class='ocrx_word' id='word_1_300' title='bbox 786 3384 867 3451; x_wconf 82' lang='lat' dir='ltr'><strong>equis</strong></span> <span class='ocrx_word' id='word_1_301' title='bbox 881 3384 965 3436; x_wconf 68' lang='lat'><strong>1¹22</strong></span> <span class='ocrx_word' id='word_1_302' title='bbox 1038 3382 1128 3438; x_wconf 80' lang='lat' dir='ltr'><strong>roin-</strong></span> 
     </span>
     <span class='ocr_line' id='line_1_36' title="bbox 84 3446 1056 3529; baseline 0 -24"><span class='ocrx_word' id='word_1_303' title='bbox 84 3446 165 3526; x_wconf 56' lang='grc' dir='ltr'><em>θθζιι</em></span> <span class='ocrx_word' id='word_1_304' title='bbox 179 3456 236 3507; x_wconf 74' lang='lat' dir='ltr'><strong>Ee,</strong></span> <span class='ocrx_word' id='word_1_305' title='bbox 263 3455 374 3525; x_wconf 86' lang='lat' dir='ltr'><strong>eompl—</strong></span> <span class='ocrx_word' id='word_1_306' title='bbox 396 3463 444 3512; x_wconf 75' lang='lat' dir='ltr'><strong>dr.</strong></span> <span class='ocrx_word' id='word_1_307' title='bbox 471 3455 564 3529; x_wconf 79' lang='lat' dir='ltr'><strong>empl-</strong></span> <span class='ocrx_word' id='word_1_308' title='bbox 578 3455 661 3513; x_wconf 66' lang='lat' dir='ltr'><strong>omi}</strong></span> <span class='ocrx_word' id='word_1_309' title='bbox 678 3457 688 3527; x_wconf 77' lang='lat' dir='ltr'><strong>l</strong></span> <span class='ocrx_word' id='word_1_310' title='bbox 704 3455 888 3526; x_wconf 76' lang='lat' dir='ltr'><strong>iungerentur</strong></span> <span class='ocrx_word' id='word_1_311' title='bbox 900 3454 1056 3506; x_wconf 73' lang='lat' dir='ltr'><strong>F¹B¹a¹dT</strong></span> 
     </span>
    </p>

    <p class='ocr_par' dir='ltr' id='par_1_10' title="bbox 71 3518 1132 3601">
     <span class='ocr_line' id='line_1_37' title="bbox 71 3518 1132 3601; baseline 0.004 -28"><span class='ocrx_word' id='word_1_312' title='bbox 71 3519 114 3564; x_wconf 89' lang='lat'><strong>17</strong></span> <span class='ocrx_word' id='word_1_313' title='bbox 125 3518 208 3574; x_wconf 72' lang='lat' dir='ltr'><strong>uafre</strong></span> <span class='ocrx_word' id='word_1_314' title='bbox 218 3524 316 3584; x_wconf 80' lang='lat' dir='ltr'><strong>Beda.</strong></span> <span class='ocrx_word' id='word_1_315' title='bbox 327 3545 383 3585; x_wconf 88' lang='lat' dir='ltr'><strong>om.</strong></span> <span class='ocrx_word' id='word_1_316' title='bbox 391 3532 419 3586; x_wconf 80' lang='lat' dir='ltr'><strong>lt.</strong></span> <span class='ocrx_word' id='word_1_317' title='bbox 426 3549 453 3588; x_wconf 85' lang='lat' dir='ltr'><strong>v.</strong></span> <span class='ocrx_word' id='word_1_318' title='bbox 466 3534 518 3601; x_wconf 85' lang='lat' dir='ltr'><strong>cfr.</strong></span> <span class='ocrx_word' id='word_1_319' title='bbox 525 3530 685 3598; x_wconf 74' lang='lat' dir='ltr'><strong>Wetzbofer</strong></span> <span class='ocrx_word' id='word_1_320' title='bbox 693 3547 723 3600; x_wconf 84' lang='lat' dir='ltr'><strong>p.</strong></span> <span class='ocrx_word' id='word_1_321' title='bbox 729 3531 763 3583; x_wconf 84' lang='grc'><strong>39</strong></span> <span class='ocrx_word' id='word_1_322' title='bbox 836 3531 873 3578; x_wconf 78' lang='lat' dir='ltr'><strong>ts</strong></span> <span class='ocrx_word' id='word_1_323' title='bbox 887 3524 1132 3577; x_wconf 59' lang='lat' dir='ltr'><strong>contendendum</strong></span> 
     </span>
    </p>
   </div>
   <div class='ocr_carea' id='block_1_6' title="bbox 141 3591 976 3670">
    <p class='ocr_par' dir='ltr' id='par_1_11' title="bbox 141 3591 976 3670">
     <span class='ocr_line' id='line_1_38' title="bbox 141 3591 976 3670; baseline 0.002 -30"><span class='ocrx_word' id='word_1_324' title='bbox 141 3591 180 3640; x_wconf 80' lang='lat'><strong>26</strong></span> <span class='ocrx_word' id='word_1_325' title='bbox 205 3598 426 3670; x_wconf 83' lang='lat' dir='ltr'><strong>uestigandum</strong></span> <span class='ocrx_word' id='word_1_326' title='bbox 449 3605 594 3664; x_wconf 77' lang='lat' dir='ltr'><strong>FBd²SJ</strong></span> <span class='ocrx_word' id='word_1_327' title='bbox 675 3608 714 3659; x_wconf 69' lang='lat'><strong>‘28</strong></span> <span class='ocrx_word' id='word_1_328' title='bbox 735 3596 875 3656; x_wconf 75' lang='lat' dir='ltr'><strong>circuitus</strong></span> <span class='ocrx_word' id='word_1_329' title='bbox 888 3599 976 3645; x_wconf 59' lang='lat' dir='ltr'><strong>usuc</strong></span> 
     </span>
    </p>
   </div>
   <div class='ocr_carea' id='block_1_7' title="bbox 0 0 1208 3848">
    <p class='ocr_par' dir='ltr' id='par_1_12' title="bbox 0 0 1208 3848">
     <span class='ocr_line' id='line_1_39' title="bbox 0 0 1208 3848; baseline 0 2"><span class='ocrx_word' id='word_1_330' title='bbox 0 0 1208 3848; x_wconf 95' lang='lat' dir='ltr'><strong> </strong></span> 
     </span>
    </p>
   </div>
  </div>
 </body>
</html>
