2408 3848
376 1008 677 1082 conspiceris
707 1009 914 1082 OODICVM

208 1295 248 1350 De
267 1297 396 1350 codicum
413 1313 499 1350 manu
518 1297 693 1366 scriptorum,
713 1296 816 1364 quibus
834 1295 920 1349 Plinii
938 1296 1084 1350 Naturalis
1103 1296 1153 1351 Hi·

135 1367 223 1422 storia
237 1367 274 1420 ad
287 1384 338 1421 nos
355 1370 513 1439 propagata
527 1371 577 1434 est,
593 1369 702 1437 origine
717 1369 745 1422 et
759 1368 928 1421 auctoritate
941 1368 1081 1422 uberrime
1096 1369 1151 1422 dis-

134 1439 247 1508 putavit
269 1439 319 1506 qui
341 1440 448 1507 primus
471 1440 620 1508 plerosque
642 1441 705 1509 ipse
727 1439 853 1508 inspexit
875 1440 1101 1507 examinavitque
1124 1442 1154 1494 et

134 1510 332 1578 cognationem
344 1527 395 1579 per
408 1510 503 1580 plures
518 1513 620 1580 stirpes
634 1511 785 1564 deductam
799 1511 958 1563 accuratius
972 1527 1057 1580 quam
1069 1512 1154 1565 antea

133 1581 164 1634 id
192 1580 299 1634 iactum
327 1583 389 1634 erat
416 1581 555 1648 definivit,
583 1582 616 1637 D.
640 1581 821 1635 Detlefsen
848 1582 878 1634 in
903 1599 973 1634 mus.
997 1582 1086 1636 Rhen.
1101 1581 1153 1636 XV

133 1670 160 1720 p.
177 1656 327 1705 aee-288.
347 1657 488 1706 eet-390
507 1656 536 1707 et
554 1654 583 1706 in
602 1652 700 1722 philol.
715 1652 831 1706 XXVIII
846 1670 873 1721 p.
886 1657 1035 1718 aas-337,
1054 1655 1154 1722 postea

133 1723 164 1777 in
186 1721 275 1791 praef.
299 1722 366 1777 edit.
389 1724 441 1777 vol.
455 1724 495 1777 IV
512 1724 646 1793 p.Vsqq.
670 1726 699 1777 et
721 1725 751 1777 in
775 1725 865 1777 diurn.
885 1723 941 1777 litt.
960 1724 1153 1778 Ienens.18'14

132 1811 160 1848 n.
181 1799 214 1847 26
233 1812 261 1863 p.
276 1799 327 1847 395
338 1812 411 1862 sqq,
436 1794 538 1862 quibus
560 1797 633 1850 adde
652 1795 744 1848 Herm.
760 1795 864 1848 XXXII
878 1798 968 1864 (1897)
987 1814 1013 1864 p.
1030 1801 1080 1849 331
1092 1813 1151 1864 sqq.

133 1867 163 1918 et
185 1881 274 1919 novae
297 1865 431 1919 editionis
449 1865 585 1920 librorum
603 1866 854 1937 geographieorum
872 1884 900 1935 p.
912 1866 1043 1920 VII-XI.
1071 1883 1153 1936 prae·

132 1938 211 1990 terea
244 1936 293 1990 cfr.
327 1953 399 2004 quae
432 1940 619 2006 exposuerunt
646 1937 761 1992 Carolus
784 1937 974 1991 Welzhofer
1001 1938 1031 1990 in
1058 1955 1152 2008 progr.

132 2025 227 2078 gymn.
251 2007 355 2061 Ludov.
377 2008 485 2062 Monac.
506 2025 530 2062 a.
552 2014 634 2074 1878,
658 2010 733 2078 quod
756 2008 921 2062 inscribitur
945 2008 1015 2062 ‘Ein
1036 2008 1153 2077 Beitrag

133 2096 182 2132 zur
208 2078 525 2134 Handschriftenkunde
558 2081 607 2134 der
633 2080 699 2134 Nat.
727 2080 793 2134 hist.
823 2080 871 2133 des
899 2078 1038 2144 Plinius',
1066 2083 1095 2134 et
1122 2082 1153 2134 in

133 2151 368 2204 commentatione
393 2151 428 2204 de
448 2150 527 2205 Beda
545 2150 632 2206 Plinii
651 2153 812 2221 excerptore
830 2170 857 2220 p.
874 2156 977 2204 25-41
998 2152 1058 2204 eius
1076 2150 1153 2217 libri,

132 2221 182 2289 qui
206 2219 356 2276 Gnilielmo
381 2221 474 2276 Christ
497 2239 514 2275 a
537 2223 684 2292 discipulis
707 2221 917 2294 gratulantibus
940 2222 1087 2276 dedicatus
1110 2223 1152 2275 in-

133 2291 267 2346 scribitur
287 2292 525 2362 ‘Abhandlungen
545 2311 595 2348 aus
615 2295 679 2348 dem
696 2293 798 2348 Gebiet
816 2295 866 2347 der
885 2293 965 2347 class.
985 2292 1152 2347 Altertums-

132 2364 354 2430 wissenschaft',
373 2363 507 2418 Vrliohs
530 2365 561 2418 in
579 2365 711 2418 Bursiani
734 2364 827 2419 annal.
848 2365 903 2418 litt.
924 2365 1031 2432 antiqu.
1048 2364 1153 2418 1878H

131 2451 159 2558 H.
176 2440 330 2501 act-nia,
358 2434 473 2489 Carolus
496 2435 590 2489 Rnck
615 2438 646 2505 in
670 2435 859 2504 compluribus
883 2435 989 2489 libellis
1012 2435 1086 2489 infra
1109 2436 1152 2489 in·

152 2505 269 2560 icandis.

205 2701 303 2771 Operis
326 2701 450 2756 Pliniani
479 2703 636 2771 amplitudo
660 2702 849 2757 incolumitati
872 2703 932 2758 eius
956 2704 1152 2773 gravissimum

130 2771 231 2827 intulit
244 2773 487 2842 impedimentum.
516 2774 645 2828 codicum
658 2774 783 2827 melioris
794 2776 879 2829 notae
888 2774 982 2828 nullus
992 2774 1050 2828 fere
1060 2775 1152 2828 totum

131 2860 203 2913 opus
235 2844 377 2914 integrum
410 2845 537 2899 servavit.
585 2845 775 2913 antiquissimi
808 2846 965 2914 optimique
994 2848 1152 2914 temporum

130 2915 237 2969 iniuria
256 2915 415 2969 detruncati
429 2932 534 2984 paucos
550 2917 670 2985 quisque
679 2916 770 2970 libros
785 2917 828 2970 vel
842 2917 978 2971 librorum
992 2917 1153 2986 fragmenta

131 2986 289 3053 continent;
304 2987 473 3055 posteriores
488 3003 559 3054 vero,
574 2988 624 3056 qui
638 3003 733 3042 omnes
749 2990 800 3041 aut
812 2987 961 3056 plerosque
975 2987 1062 3041 libros
1078 3005 1151 3041 com-

150 3057 304 3123 lectuntur‚
349 3057 433 3111 artim
451 3059 507 3127 ipsi
527 3076 638 3126 quoque
656 3075 713 3112 non
732 3060 831 3113 leviter
848 3059 982 3124 mutilati,
1003 3058 1151 3128 permultis

129 3075 240 3182 litaturis
267 3076 449 3198 indiligentia
478 3130 632 3184 scribarum
660 3131 728 3184 ortis
753 3133 781 3183 et
804 3131 880 3183 omni
903 3146 1005 3200 genere
1028 3147 1151 3183 errorum

130 3199 352 3267 mendorumque
383 3200 523 3255 laborant.
570 3202 667 3269 itaque
699 3201 748 3254 ubi
776 3201 872 3255 deficit
899 3202 1151 3254 vetustissimorum

131 3271 234 3324 certius
257 3271 485 3339 fundamentum,
513 3271 612 3341 iniqua
636 3275 680 3326 est
701 3273 810 3342 negotii
834 3271 925 3325 critici
949 3273 1089 3336 condicio,
1119 3273 1152 3324 ut

130 3357 216 3411 saepe
242 3341 414 3396 dubitationi
436 3342 515 3397 locus
537 3343 726 3412 relinquatur,
749 3343 926 3412 maximeque
949 3344 979 3395 in
1002 3343 1047 3396 his
1070 3343 1151 3396 libris

129 3413 239 3482 primis,
258 3414 307 3480 qui
325 3413 389 3483 plus
409 3431 457 3468 sex
470 3413 585 3469 milibus
599 3415 745 3469 nominum
759 3414 1163 3485 geographicorumleupisdx-

130 3500 206 3549 inam
225 3484 337 3539 errandi
356 3487 385 3538 et
404 3485 578 3554 depravandi
595 3486 750 3543 materiam
765 3486 981 3560 praebuerunt.
