2408 3848
108 201 148 254 IV
513 200 719 254 PRAEFATIO

110 368 222 429 idcirco
242 368 395 448 adscripsi7
414 376 448 428 ut
461 367 650 446 intellegatur
664 367 796 428 subsidia
811 387 827 427 a
840 372 947 449 primis
962 369 1125 432 editoribus

109 457 253 537 adbibita,
281 461 415 537 quamvis
438 464 605 536 temporum
630 455 757 517 decursu
782 456 951 537 depravata,
979 462 1125 538 originem

109 554 209 606 tamen
232 550 357 608 traxisse
382 566 397 607 e
422 544 574 606 codicibus
594 547 765 606 vetustioris
784 565 872 626 quem
891 566 970 607 nunc
989 551 1125 609 novimus

110 635 224 696 ordinis
247 644 277 696 et
300 636 462 716 permultas
485 633 572 694 hodie
596 641 747 694 revocatas
771 653 836 695 esse
861 636 1004 697 lectiones
1029 658 1044 697 a
1069 638 1124 697 Sil-

109 724 179 802 ligio
203 727 380 804 saepiusque
400 727 489 785 etiam
513 742 528 783 a
551 723 630 800 lano,
654 726 736 783 tenui
759 723 818 784 illis
842 732 872 784 et
892 727 981 785 nimis
1001 737 1124 805 angusto

110 821 251 892 apparatu
270 813 432 892 utentibuS,
455 815 593 873 inmerito
613 812 752 890 abiectas
772 813 860 873 simul
878 822 912 873 ut
931 822 1070 876 caveatur
1088 835 1125 876 ne

110 902 256 981 legentes,
281 906 307 963 si
330 903 406 963 lorte
430 904 510 963 locos
533 901 683 961 Plinianos
706 920 741 960 ex
766 905 919 980 superiore
943 903 1040 983 aliqua
1064 904 1125 965 edi·

110 993 190 1052 tione
214 994 318 1052 citatos
341 994 518 1069 invenerint,
541 992 645 1068 inopes
669 991 786 1049 consilii
809 991 951 1052 haereant
974 995 1005 1052 in
1026 993 1125 1053 verbis

110 1098 189 1140 nunc
217 1080 285 1159 plus
313 1083 448 1141 minusve
475 1082 605 1140 mutatis.
653 1081 784 1157 itemque
812 1081 1052 1142 emendationum
1079 1083 1126 1143 vel

109 1171 348 1230 coniecturarum
376 1178 540 1230 memoratu
565 1167 720 1246 dignarum
744 1176 880 1229 auctores
902 1173 1054 1250 principes
1078 1190 1124 1232 re-

110 1257 189 1318 ferre
208 1259 282 1318 mihi
301 1277 389 1319 curae
408 1260 473 1336 luit,
491 1268 524 1318 ut
543 1256 656 1317 Plinius
675 1259 739 1335 ipse
759 1251 865 1338 (prael.
885 1253 943 1342 21)
963 1259 1125 1338 benignum

109 1365 175 1407 esse
204 1349 245 1408 ait
272 1358 303 1408 et
328 1347 456 1426 plenum·
478 1349 599 1426 ingenui
626 1344 749 1423 pudoris
773 1348 859 1406 l'ateri
881 1366 936 1425 per
959 1367 1033 1426 quos
1056 1368 1125 1429 pro·

109 1436 228 1497 leceris:
261 1455 319 1516 quo
347 1444 432 1515 pacto
460 1455 531 1497 vera
558 1437 677 1495 tandem
706 1434 801 1495 elucet
830 1435 1044 1498 emendationis
1071 1457 1126 1516 per

110 1531 250 1603 quattuor
272 1525 389 1586 saecula
407 1534 584 1605 propagatae
603 1526 710 1602 imago,
733 1543 821 1602 quam
840 1523 925 1604 Sillig
943 1526 1126 1587 creberrima

110 1613 290 1692 Dalecampii
308 1617 457 1674 mentione
477 1614 653 1691 obscuravit,
672 1632 706 1672 ac
725 1614 880 1674 manileste
898 1623 1019 1693 apparet
1033 1635 1125 1695 quan-

110 1710 174 1762 tum
194 1701 337 1762 debeatur
355 1722 423 1763 cum
440 1703 649 1764 vetustissimis
665 1701 837 1779 editoribus
857 1706 908 1781 qui
923 1707 1007 1782 quasi
1022 1705 1126 1765 silvam

108 1791 251 1851 incultam
280 1792 466 1871 dumetisque
496 1793 630 1869 densam,
659 1791 754 1869 qualis
782 1791 885 1851 horret
912 1795 942 1852 in
972 1793 1125 1854 codicibus

109 1880 337 1941 mendosissime
366 1884 499 1959 scriptis,
528 1891 649 1940 strenue
679 1899 712 1939 ac
740 1880 876 1941 sollerter
902 1884 1034 1959 perviam
1059 1883 1125 1943 red-

109 1967 249 2030 diderunt
271 1972 458 2049 peregrinari
482 1968 679 2048 cupientibus,
702 1977 766 2028 tum
789 1970 940 2030 mirandae
966 1972 1127 2031 eruditioni

109 2065 138 2118 et
161 2060 315 2136 sagacitati
333 2058 483 2119 Hermolai
501 2058 624 2118 barbari
643 2065 672 2117 et
692 2056 814 2136 Gelenii,
838 2061 889 2138 qui
907 2060 1017 2138 vulgati
1037 2079 1126 2142 quem

108 2155 215 2207 vocant
237 2155 335 2207 textus
360 2148 530 2208 conditores
552 2148 706 2226 praecipui
719 2149 916 2228 exstiterunt,
939 2156 973 2209 ut
992 2152 1126 2210 omittam

108 2235 165 2295 hoc
185 2236 248 2295 loco
268 2255 343 2315 quae
361 2239 474 2315 posteri
494 2236 633 2314 deinceps
647 2238 859 2313 praestiterint.
892 2237 1000 2315 quibus
1016 2245 1126 2318 quanto

108 2324 251 2385 inferiora
275 2327 334 2386 sint
357 2344 432 2404 quae
453 2325 527 2385 mihi
546 2325 669 2402 contigit
687 2332 847 2403 praestare,
870 2335 1023 2404 peractum
1045 2347 1126 2388 cum·

108 2415 235 2473 maxime
257 2432 331 2493 opus
350 2417 479 2475 intuenti
496 2417 528 2474 in
546 2422 676 2475 mentem
696 2416 776 2473 venit
794 2416 991 2494 inprimisque
1010 2419 1126 2477 veniam

109 2501 184 2562 mibi
202 2503 363 2581 rogandam
382 2522 447 2565 esse
468 2506 572 2583 sentio,
591 2505 667 2564 siin
686 2502 852 2562 litterarum
872 2522 975 2583 campo
990 2507 1126 2566 inmenso

110 2599 140 2651 et
160 2591 238 2651 ultra
257 2595 345 2653 unius
364 2592 493 2653 hominis
511 2601 703 2673 prospectum
722 2591 808 2669 longe
829 2591 948 2652 dilatato
967 2593 1059 2654 multa
1079 2613 1126 2655 me

111 2679 241 2758 lugerint
270 2681 306 2741 ad
334 2683 556 2760 interpretanda
586 2689 636 2743 aut
659 2680 842 2740 emendanda
865 2682 953 2742 Plinii
977 2684 1066 2743 verba
1090 2684 1126 2744 ab

108 2768 173 2828 aliis
196 2777 278 2830 recte
300 2769 462 2831 observata.

198 2857 356 2937 Reliquum
376 2868 421 2920 est
439 2868 473 2920 ut
490 2863 616 2920 memori
636 2863 732 2921 animo
751 2859 847 2936 palam
862 2859 995 2921 hocloco
1012 2861 1127 2924 debitas

110 2949 219 3024 gratias
247 2966 331 3026 agam
360 2948 484 3009 Carolo
513 2949 610 3009 Riick
640 2960 669 3010 et
697 2949 819 3010 Ottoni
846 2949 1041 3030 Rossbach,
1075 2955 1127 3030 qui

109 3034 323 3096 humanissime
356 3038 453 3098 studia
480 3057 545 3098 mea
573 3038 761 3114 adiuverunt,
795 3046 825 3097 et
852 3041 923 3099 viris
951 3039 1127 3102 clarissimis

111 3126 206 3201 regias
219 3124 1126 3210 bibliothecaspublicasLeidensem‚vindobonensem,

110 3212 346 3274 liresdensem
380 3215 615 3294 moderantibus,
648 3236 774 3295 quorum
806 3219 917 3295 insigni
949 3218 1127 3280 liberalitate

111 3302 220 3362 lactum
244 3311 298 3381 est,
321 3312 353 3364 ut
378 3304 495 3365 codices
518 3306 576 3365 huc
600 3309 790 3366 transmissos
810 3309 890 3366 omni
910 3327 966 3387 qua
987 3327 1060 3386 opus
1080 3319 1127 3370 cst

112 3409 182 3450 cura
207 3399 346 3452 excutere
370 3395 443 3454 mihi
465 3393 578 3455 liceret.

199 3515 371 3577 Scribebam
394 3518 524 3579 Dresdae
548 3540 586 3581 m.
605 3520 673 3581 Dec.
693 3519 806 3580 Mch.
