2408 3848
17 3498 24 3561 l

137 187 203 250 544
551 185 737 240 APPENDIX

136 347 239 415 oppida
257 347 290 400 de
308 352 392 400 cetero
411 346 517 418 (orae)
535 363 611 401 rara.
632 374 665 386 —
685 345 748 412 §88
768 344 896 414 Sieglino
922 351 1050 403 auctore
1070 350 1113 405 D‘
1128 365 1159 402 re

136 417 213 486 cepit
234 418 434 484 fervidissimus
457 419 612 472 Rhodanus
634 419 737 484 aarum,
760 416 827 484 quie
852 416 975 473 Solinus
1003 427 1036 487 2,
1057 426 1093 474 53
1116 421 1158 475 ulio

136 489 338 542 sententiarum
356 504 429 541 nexu
452 488 525 542 dixit
538 491 723 557 perniciosam
740 488 870 554 faventis
888 488 1040 547 ledani
1056 494 1158 562 uanior

136 560 243 613 tionum
272 560 322 613 sed
339 560 525 625 fertilissimus
544 560 668 613 simodo
688 561 731 613 est
748 575 840 613 errore
856 561 966 628 ortum,
989 566 1158 632 pervetusta

137 633 212 684 certe
231 647 306 684 error
325 633 375 696 est,
395 647 478 698 quem
496 632 554 684 iam
570 630 726 684 Martianus
746 629 862 698 Capella
880 647 938 698 pro
957 651 1033 688 vero
1055 635 1158 704 accepit

137 718 200 754 eum
223 701 357 755 scriberet
379 718 479 756 causas
500 703 653 769 fertilitatis
675 703 800 770 inportat
821 709 921 756 terrae.
963 708 1101 761 ceterum
1116 722 1157 759 non

135 774 344 838 fervidissimus,
364 773 513 840 quodnisi
532 774 566 826 de
585 789 693 826 summo
712 771 803 826 calore
822 774 852 826 et
871 777 960 827 aestu
979 794 1044 833 non
1059 779 1156 840 dicitur,

137 844 186 897 sed
199 844 373 912 probabilius
388 844 555 898 scriberetur
567 846 741 899 saeuissimus
754 843 973 912 (vetustioribus
989 847 1102 903 litteris
1114 849 1156 902 feu

136 916 343 984 screnissimus),
362 919 395 969 nt
412 915 489 969 idem
508 914 619 969 Solinus
638 916 735 968 eodem
750 915 812 968 loco
827 915 880 968 ait:
903 917 1077 976 Rhodanus
1089 921 1156 976 saeoit

136 993 162 1039 et
179 1004 240 1040 cnm
258 1005 381 1040 serenum
399 993 437 1040 est
455 989 485 1040 et
502 986 611 1039 Plinius
629 987 668 1039 ΠΙ
678 992 711 1040 55
726 986 850 1040 Tiberim
862 1003 995 1056 saecum,
1015 997 1081 1057 §87
1096 989 1156 1060 Scyl-

136 1057 194 1110 lam
218 1060 246 1110 et
268 1056 429 1125 Charybdin
450 1060 566 1112 saeuitia
589 1059 692 1124 elams,
710 1057 785 1111 Mela
807 1056 877 1110 1184
902 1075 1003 1126 parva
1029 1063 1154 1133 quaedum

137 1128 252 1182 flumina
271 1147 403 1197 persaeoa
429 1129 563 1198 appellat.
584 1161 616 1169 —
635 1128 698 1194 §85
717 1129 819 1182 mirum
842 1131 910 1196 post
928 1137 963 1184 at
984 1133 1021 1186 in
1041 1152 1094 1190 ora
1110 1134 1155 1187 bre

136 1201 248 1253 sissimo
272 1200 419 1254 intervallo
443 1199 575 1270 subsequi
598 1203 630 1253 in
652 1216 702 1254 cra
724 1207 823 1254 autem.
865 1215 904 1252 an
928 1204 1039 1269 potius
1063 1209 1096 1260 iu
1120 1221 1154 1259 on

136 1272 212 1325 item
230 1271 274 1324 vel
293 1272 421 1326 eadem?
437 1303 469 1311 —
485 1272 545 1337 §37
566 1270 661 1339 placet
679 1288 742 1324 cum
756 1273 784 1325 B
803 1269 1059 1341 haplographiam
1073 1276 1154 1330 tollere

136 1341 282 1396 scribendo
312 1343 585 1414 Tascoduni<tani>
617 1343 906 1396 Tarusconouienses.
931 1374 972 1385 -
994 1346 1064 1412 §42
1096 1350 1154 1402 vete·

135 1431 198 1466 rum
217 1413 355 1467 editorum
373 1414 523 1467 lectionem
540 1416 657 1485 ploriam
674 1431 752 1468 suam
775 1413 920 1467 revocavit
937 1416 977 1483 J,
1004 1419 1079 1486 quia
1100 1420 1154 1473 int

136 1501 199 1537 eam
217 1500 277 1537 esse
296 1485 441 1551 credebat,
461 1486 510 1537 sed
528 1485 640 1538 etiamsi
658 1484 700 1537 ibi
715 1485 796 1550 esset,
814 1484 874 1537 iure
893 1487 1101 1552 praeferretur
1115 1489 1153 1553 sui

136 1572 220 1623 quem
238 1556 410 1624 pronominis
428 1573 523 1623 usum,
548 1559 736 1625 opportunum
758 1555 840 1608 illum
858 1555 986 1623 quidem
1006 1558 1153 1630 corrigendi

137 1627 243 1693 studia,
266 1627 375 1680 Plinius
397 1627 549 1696 praecipue
573 1630 662 1692 amat,
690 1644 747 1680 non
768 1627 852 1680 modo
876 1643 944 1680 cum
976 1632 1153 1694 substantiva

136 1697 239 1766 quibus
264 1698 410 1764 adhaeret,
434 1701 543 1766 partem
567 1700 617 1752 aut
634 1698 772 1751 actionem
795 1697 922 1765 aliquam
938 1699 1154 1771 significanti

137 1772 459 1837 assumeremus,
479 1769 604 1823 Vfflrm
623 1771 770 1823 omousimo
787 1770 834 1823 sui
847 1780 1055 1842 pnrpamcnto,
1075 1775 1153 1828 xnn

135 1843 181 1894 sui
200 1841 262 1908 ipsa
279 1858 383 1908 semper
400 1843 474 1895 lieres
492 1841 542 1910 (sic
560 1844 605 1910 11),
625 1841 712 1893 chn
731 1841 848 1894 indicem
869 1843 928 1905 sui,
950 1841 1065 1900 XXIII
1088 1847 1153 1900 miro·

135 1914 228 1966 culum
245 1914 303 1978 sm,
326 1912 429 1965 XXXV
440 1917 490 1965 158
508 1915 603 1980 suique
625 1913 754 1978 firmitate
773 1910 823 1980 (sic
841 1912 880 1979 B),
900 1911 1058 1971 XXXVII
1078 1918 1153 1973 duris·

135 1986 207 2037 sima
225 1985 270 2037 sui
287 1986 410 2048 craterio,
430 1982 558 2036 XXXVH
568 1989 602 2036 63
621 1984 659 2037 ad
676 1983 886 2037 nassitadinem
904 1985 963 2049 sui,
985 1986 1025 2040 ib.
1049 1994 1101 2042 136
1118 1987 1153 2042 od·

137 2057 306 2109 mirationem
330 2057 382 2108 sui.
424 2054 650 2123 frequentissime
672 2055 718 2108 sui
740 2053 906 2121 adiungitur
932 2057 1056 2112 nomini
1077 2065 1153 2129 parte:

136 2125 195 2178 Hc.
216 2131 257 2178 82.
277 2125 368 2178 IV23.
389 2125 489 2192 Vlla,
513 2125 563 2178 ubi
581 2131 650 2177 1111·
667 2142 727 2179 sua.
757 2124 829 2177 VIS.
851 2129 915 2191 145,
936 2125 994 2181 ubi
1013 2134 1065 2184 Bo
1083 2132 1154 2197 cuir

137 2200 166 2249 et
183 2197 252 2250 Rob.
268 2214 328 2250 sua.
353 2197 392 2248 IX
403 2202 461 2250 103.
477 2196 572 2251 X145.
588 2196 690 2249 ΧΠ67.
705 2196 769 2249 XIV
780 2201 839 2248 120.
853 2193 934 2249 XVII
946 2203 1012 2253 153.
1030 2200 1100 2255 XXI
1110 2205 1153 2254 103.

136 2267 282 2321 XXXI83.
306 2267 451 2335 XXXIII,
475 2268 524 2320 ubi
543 2273 563 2319 B
582 2285 641 2321 sua.
661 2267 810 2320 xxxma.
830 2266 936 2320 XXXV
949 2274 1015 2324 167.
1039 2269 1154 2326 XXXVII

138 2345 160 2391 1.
188 2344 245 2392 136.
272 2344 330 2391 159.
373 2355 459 2406 quare
482 2339 567 2393 etiam
591 2336 690 2404 Vtar,
713 2338 762 2392 ubi
786 2353 881 2391 omnes
905 2337 980 2392 libri
1000 2352 1092 2410 pam
1116 2359 1154 2397 sm

136 2428 206 2478 qnae
232 2417 345 2464 uocatam
374 2411 522 2476 Cataonia,
550 2409 755 2464 restituendum
782 2409 835 2462 erit
864 2409 922 2475 sui,
954 2414 991 2465 ut
1020 2415 1153 2469 simillime

137 2482 241 2535 dicitur
262 2481 302 2534 IV
316 2488 348 2533 23
369 2489 450 2551 parte
472 2483 518 2535 sni
540 2499 609 2550 quae
629 2487 742 2535 occatur
761 2481 894 2550 Meyure's.
932 2488 1105 2548 praecessit
1121 2486 1153 2541 Se

136 2568 214 2619 neca,
233 2553 310 2606 velut
330 2569 372 2621 ep.
385 2559 449 2618 121,
474 2555 539 2606 tin
562 2570 615 2606 usu
633 2553 690 2617 sui,
714 2557 748 2605 23
767 2553 852 2606 tutela
869 2552 928 2616 sui,
955 2559 992 2607 24
1020 2560 1153 2614 aurdanu

137 2626 313 2678 civilitatem
332 2626 385 2678 sni.
414 2630 457 2692 te,
477 2629 510 2676 18
533 2626 565 2677 in
588 2640 691 2677 omnem
708 2624 754 2677 sui
767 2630 882 2692 partem.
905 2653 937 2660 -
965 2625 1038 2690 §79
1062 2628 1154 2685 conica

136 2696 316 2749 scribendum
339 2712 399 2749 esse
422 2697 472 2748 aut
493 2694 547 2818 Sin
593 2711 642 2748 ora
665 2696 697 2747 in
720 2695 852 2748 Rhodani
874 2693 946 2747 ostio
976 2701 1036 2753 aut
1066 2704 1099 2756 in
1119 2715 1153 2755 oro

137 2768 269 2821 Rbodani
300 2768 380 2821 ostia:
415 2766 462 2820 cfr.
518 2766 539 2817 F
586 2765 687 2818 Mfiller
714 2767 785 2833 grat.
810 2783 837 2832 p.
862 2769 923 2816 561.
956 2797 994 2807 -
1027 2772 1107 2836 §sa
1130 2786 1155 2825 a

132 2840 264 2906 plurimis
290 2855 339 2907 pro
364 2838 510 2905 pluribus?
552 2837 631 2889 cuius
658 2835 873 2905 permutationis
897 2839 1042 2907 exempla
1068 2839 1155 2911 collegi

136 2911 173 2962 ad
197 2909 325 2962 XXXVII
339 2915 381 2962 21.
410 2941 443 2948 -
472 2908 542 2974 §Sl
572 2909 607 2961 de
634 2908 771 2961 varietate
798 2922 983 2962 numerorum
1014 2927 1155 2970 mensurae

137 2981 251 3033 Siciliae
274 2982 391 3049 egerunt
411 2982 476 3048 post
494 2978 565 3033 alios
583 2978 692 3032 Meam
705 2979 731 3032 ll
748 2997 775 3046 p.
791 2984 863 3042 483²,
889 2976 1081 3040 Oehmichen
1098 2986 1155 3040 Ptin

136 3052 215 3104 Stud.
231 3070 257 3120 p.
269 3056 301 3103 67
317 3069 377 3118 sqq.
397 3082 430 3089 —
450 3050 513 3116 §89
527 3069 546 3104 a
560 3067 612 3118 quo
627 3093 632 3103 .
646 3093 650 3102 .
665 3052 768 3116 fronte:
784 3049 915 3103 lacunam
930 3050 1081 3125 indicavi,
1096 3054 1156 3128 quod

137 3124 243 3176 nudum
266 3122 421 3176 ablativum
443 3123 533 3188 fronte
556 3123 596 3174 sic
619 3121 686 3190 poni
709 3137 791 3189 posse
813 3138 869 3174 non
888 3122 985 3177 credo.
1030 3145 1104 3183 nam
1120 3128 1157 3183 sut

135 3197 168 3248 in
185 3196 275 3260 fronte
294 3194 397 3248 dicitur
408 3193 433 3245 H
444 3199 502 3246 110.
522 3193 561 3245 ΠΙ
571 3198 621 3245 148
641 3196 690 3246 aut
705 3193 838 3245 adiuncto
853 3191 1001 3249 adiectivc
1017 3201 1070 3255 vel
1084 3198 1157 3272 parti·

136 3267 211 3334 cipio
231 3266 268 3319 VI
283 3272 316 3318 29
340 3272 396 3319 tcta
419 3268 552 3319 montium
573 3265 676 3329 fronte,
699 3263 738 3316 IV
751 3269 784 3316 49
806 3265 838 3317 in
855 3264 951 3329 fronte
970 3268 1108 3341 obliqua.
1128 3269 1157 3324 ib.

136 3341 167 3392 in
186 3343 303 3390 extrema
324 3381 328 3391 .
346 3379 350 3388 .
370 3337 469 3402 fronte,
487 3336 526 3388 Vl
540 3341 573 3388 53
593 3337 631 3389 ad
645 3337 772 3390 orientem
786 3351 914 3389 caucaso
930 3337 1058 3396 litorum
1071 3345 1157 3411 fraite

137 3415 188 3462 199
207 3409 404 3477 circumapente
422 3424 449 3461 se
466 3414 600 3461 terrarum
620 3408 710 3472 fronte
728 3409 760 3459 in
773 3423 903 3461 occasum.
936 3408 1085 3470 similiter
1096 3414 1158 3469 hune

136 3480 228 3533 locum
251 3479 334 3532 velim
358 3479 483 3547 suppleri
502 3479 531 3531 in
550 3478 624 3530 hunc
642 3477 768 3531 modum:
793 3496 810 3531 u
834 3493 886 3545 quc
905 3477 1064 3550 <flerem
1081 3505 1110 3543 κ
1124 3481 1158 3539 nl

130 3569 264 3608 conuersa
288 3549 400 3624 subito>
425 3551 513 3618 fronte
536 3550 655 3604 Siciliae.
679 3581 712 3588 —
737 3548 816 3614 ael.
837 3547 875 3600 92
899 3547 932 3602 in
959 3552 1066 3614 Siculo
1089 3559 1157 3615 neu,

122 3629 141 3683 i.
161 3644 185 3684 e.
206 3627 239 3682 in
259 3625 406 3700 angustiis
419 3622 518 3691 maris,
533 3619 1067 3687 ‘resuscitamuscommemorat,
1095 3625 1159 3701 quod
