2422 3848
514 214 700 268 mennon
1050 216 1113 282 {³41

93 375 123 428 si
142 375 187 430 vel
205 378 340 445 prostrati
358 381 466 431 montes
485 378 543 431 iam
562 378 655 430 essent
676 376 894 429 commemorati.
932 378 1054 430 ceterum
1072 379 1115 429 to-

94 447 157 500 'tius
180 449 299 502 membri
321 450 484 502 testimonia
507 450 566 501 tam
590 447 664 500 levia
686 449 715 500 et
738 447 848 500 infirma
871 450 948 514 sunt,
972 449 1005 500 ut
1027 448 1116 516 spurii

99 519 290 572 additamenti
314 521 436 588 suspicio
459 519 544 573 facile
568 519 682 573 oriatur,
702 549 734 557 -
753 518 791 571 ib.
812 518 891 572 deest
910 519 1116 572 substantivum

98 597 178 644 vento
195 589 240 644 vel
258 593 329 659 tiata
345 590 390 644 vel
408 593 510 659 spirita
529 594 637 660 (5192),
656 589 692 643 ad
710 590 785 657 quod
798 589 960 657 pertineant
973 596 1116 660 pressante

97 663 129 714 et
151 678 235 715 runco
258 665 287 715 et
309 663 418 731 reliqua
441 662 605 731 participia3
633 678 699 714 nam
721 677 818 716 sonan
840 660 969 730 intellegi
991 677 1043 715 nec
1066 677 1117 730 per

97 733 269 786 structuram
292 749 344 787 nec
364 750 414 803 per
438 734 606 788 seutentiam
628 733 775 787 verborum
798 731 873 785 licet.
898 765 931 772 -
955 732 1038 797 §195
1061 733 1116 787 fuit

98 803 218 857 fortasse
237 810 316 858 sant
332 807 490 874 propinqua
509 806 566 858 lace
584 805 678 869 crebri,
698 803 771 873 sigla
788 808 806 857 s
821 805 938 872 accepta
956 821 1007 872 pro
1027 821 1060 869 s;.
1081 836 1114 843 —

97 875 183 940 §ree
206 878 297 941 semel,
322 876 394 945 qaod
416 877 538 945 eqaidera
563 918 590 928 ..
615 877 737 930 inuenio:
763 874 933 928 indicativus
956 876 986 928 in
1009 875 1115 928 talibus

96 945 253 1000 enuntiatis
264 947 433 1001 sententiam
442 947 676 1016 restringentibus
687 949 828 1017 repugnat
841 947 945 1000 rationi
959 946 1115 1012 Plinianae,

96 1033 184 1087 quam
202 1018 341 1071 Antonius
360 1018 495 1087 ludewig
514 1018 628 1088 (Preger
647 1017 765 1071 Studien
777 1019 840 1071 [ΠΙ
856 1036 882 1086 p.
895 1020 939 1087 35)
954 1017 1115 1085 quindecim

96 1087 234 1157 exemplis
257 1121 293 1128 -
315 1090 369 1142 hoc
392 1090 506 1157 quidem
529 1090 631 1143 mirum
654 1106 710 1157 quo
739 1106 806 1143 casu
829 1089 1056 1158 praetermittens
1079 1120 1114 1128 -

96 1160 168 1212 satis
188 1162 263 1213 certo
278 1160 487 1214 demonstravit.
517 1165 545 1215 et
559 1163 679 1231 apparet
693 1178 726 1213 ex
742 1161 870 1215 codicum
885 1161 963 1213 vario
978 1160 1114 1224 dissensu,

96 1231 326 1285 terminationem
348 1232 426 1285 verbi
449 1248 505 1285 non
526 1232 659 1285 distinete
678 1235 823 1285 exaratam
841 1230 884 1284 vel
903 1232 973 1300 ipsis
991 1231 1114 1284 librariis

96 1302 214 1355 dubiam
232 1303 327 1357 fuisse.
355 1303 560 1356 restituendum
579 1304 633 1356 erit
652 1306 702 1356 aut
719 1305 866 1369 inveniant,
885 1307 918 1356 ut
935 1302 1000 1354 XHI
1010 1308 1033 1355 3.
1050 1302 1114 1354 XXI

99 1379 139 1426 13.
160 1373 237 1427 XXV
247 1380 270 1426 5.
291 1374 406 1426 XXXVI
416 1380 458 1440 47,
479 1377 529 1428 aut
546 1375 704 1441 invenerim,
723 1377 755 1427 ut
769 1374 859 1427 XVHI
870 1380 928 1427 166.
948 1373 1063 1426 xlxsa.
1080 1406 1112 1412 —

97 1444 183 1506 §203
197 1445 273 1513 quod
287 1445 387 1514 scripsi
401 1451 548 1514 aeqnatara
559 1447 697 1514 planitiei,
711 1445 872 1514 postulatur
887 1445 1027 1498 constanti
1038 1445 1114 1513 apud

95 1514 219 1569 Plinium
242 1533 308 1570 usu:
348 1519 457 1571 lanitiis
475 1517 588 1583 ixroc,
610 1518 755 1588 planitiem
774 1517 863 1568 Viro.
885 1521 931 1582 60,
951 1517 1070 1584 planitie
1088 1516 1114 1568 Π

97 1591 158 1640 160.
179 1587 217 1639 VI
228 1592 286 1641 187.
307 1534 384 1640 livill]
394 1594 436 1652 36,
455 1589 547 1643 nielles
555 1590 691 1656 planities
705 1590 771 1657 (acc.
787 1588 871 1657 plur.)
885 1587 924 1639 VI
934 1593 980 1652 653
1000 1588 1114 1656 aequari

95 1660 192 1711 autem
212 1659 338 1712 dativum
357 1659 481 1712 asciscit:
506 1660 661 1725 dieiH81‚
685 1661 810 1713 noctibas
833 1661 862 1712 et
880 1658 936 1712 diei
953 1658 1113 1724 XVfflaaO,

96 1729 246 1799 Polycles
272 1733 400 1802 Myroni,
425 1732 599 1801 Pptlaporae
623 1731 736 1784 XXXIV
746 1736 787 1784 68.
813 1762 846 1769 -
870 1730 953 1795 §206
976 1729 1029 1782 hoc
1052 1729 1112 1782 loco

94 1800 178 1854 foede
197 1801 368 1870 interpolato
386 1801 539 1855 tenendum
558 1806 609 1867 est,
628 1802 757 1871 exempla
776 1802 870 1855 omnia
886 1800 990 1854 idcireo
1011 1799 1112 1865 afferri,

93 1874 129 1924 ut
147 1872 267 1926 doceant
289 1872 381 1942 ipsam
405 1890 434 1926 se
458 1874 603 1927 comedere
622 1877 725 1927 terram
745 1877 774 1926 et
791 1873 876 1927 litora
895 1888 1006 1940 quoque
1025 1872 1112 1924 infida

94 1959 164 1996 esse.
201 1943 299 2012 itaque
317 1961 373 1997 non
387 1961 472 2011 mare,
491 1946 567 2013 quod
581 1961 617 1998 ne
630 1945 714 1998 verbo
732 1944 846 2012 quidem
860 1943 1043 2012 significatur,
1063 1943 1112 1996 sed

93 2015 163 2068 litas
184 2014 228 2068 vel
252 2021 353 2069 terram
374 2015 458 2069 urbes
481 2019 624 2071 abstulisse
646 2019 675 2069 et
697 2031 815 2085 magnas
838 2015 993 2068 insularum
1017 2017 1111 2083 partes

93 2087 710 2214 tttttttttttttlittttttt
728 2088 1110 2225 iiiiiirm'li'oiiil⁰

94 2226 221 2281 habilius
245 2229 316 2282 duco
341 2230 437 2283 scribi:
462 2232 590 2299 qnoniam
615 2178 792 2302 syraphiniae
811 2237 895 2284 canta
915 2272 919 2282 .
937 2272 942 2281 .
962 2237 1110 2292 nteeentar,

92 2301 129 2352 nt
146 2301 178 2352 in
195 2303 260 2369 post
279 2302 410 2368 qnoniam
429 2301 521 2355 deleto
541 2304 639 2355 cantus
659 2318 744 2355 causa
763 2302 800 2354 sit
818 2300 956 2355 movendi.
973 2331 1006 2339 —
1027 2299 1111 2364 §210

92 2386 132 2423 au
150 2371 182 2424 in
200 2373 280 2426 enias
296 2378 446 2427 sanctam
461 2391 553 2427 areana
569 2390 626 2427 non
639 2374 761 2442 inpluit?
776 2405 807 2413 -
824 2372 904 2438 eall
921 2370 1036 2425 offensio
1050 2370 1109 2434 illa,

93 2457 180 2509 quam
193 2442 296 2496 Miiller
314 2444 422 2496 emend.
438 2462 464 2512 p.
481 2450 496 2496 6
516 2445 663 2498 inserendo
681 2446 775 2511 ferant
788 2447 853 2512 post
866 2451 997 2496 natarum
1010 2442 1110 2496 tollere

93 2511 192 2580 voluit,
210 2513 282 2566 bene
301 2514 411 2568 tollitur
429 2515 549 2568 lectione
565 2517 673 2584 possint
690 2516 780 2585 (1¹11),
803 2514 886 2567 modo
906 2517 998 2583 itaque
1015 2531 1066 2582 pro
1086 2522 1111 2567 et

91 2586 136 2638 ita
154 2584 286 2653 accipias.
307 2618 340 2624 —-
360 2586 397 2639 ib.
418 2587 584 2652 laboratam,
606 2587 681 2654 quod
699 2586 804 2639 nullius
823 2585 928 2640 codicis
946 2585 1109 2638 testimonio

90 2655 222 2709 firmatur
236 2688 269 2695 -
284 2672 349 2709 nam
368 2657 398 2709 in
415 2663 437 2709 B
456 2657 574 2710 inseruit
591 2673 691 2710 manus
712 2658 774 2710 XVI
792 2655 944 2710 saeculi-
960 2656 1038 2720 eieci,
1058 2672 1110 2710 nec

92 2728 209 2780 tandem
229 2727 350 2781 eiectum
373 2728 546 2782 desiderabit
569 2729 730 2796 quisquam,
757 2729 806 2797 qui
828 2728 920 2781 verbis
943 2728 1047 2781 inilia
1066 2744 1108 2781 re·

91 2797 207 2867 gionem
226 2798 300 2851 circa
317 2798 400 2852 ilium
420 2800 504 2853 sitam
522 2799 615 2854 notari
632 2801 815 2869 reputaverit:
836 2801 884 2853 cfr.
904 2797 993 2851 CPW
1007 2798 1109 2853 Miller

92 2885 120 2938 p.
136 2874 178 2922 23.
199 2874 240 2922 24.
258 2902 291 2909 -
305 2875 325 2936 ,ἓ
336 2870 392 2924 212
411 2871 503 2924 verbis
522 2889 607 2926 caasa
626 2873 656 2924 in
674 2873 729 2925 sole
747 2874 867 2940 lanaque
880 2871 984 2939 Berger
998 2869 1106 2938 (Geseh.

91 2939 120 2992 d.
145 2940 304 2994 wissensoh.
329 2941 481 2994 Erdkunde
504 2943 530 2995 d.
555 2942 692 2996 Grieehen
715 2961 742 3011 p.
758 2948 809 2996 565
833 2949 889 2995 n.1
915 2942 957 2994 ed.
978 2941 1037 3009 alt.)
1057 2958 1107 3010 pro

91 3011 261 3066 documento
279 3012 370 3065 utitur
389 3014 587 3067 consentientis
610 3016 639 3066 et
657 3013 742 3067 Plinii
760 3018 789 3068 et
808 3013 954 3067 Posidonii
973 3013 1008 3065 de
1028 3014 1107 3065 aestu

91 3082 178 3136 maris
198 3083 350 3150 doctrinae,
370 3085 420 3138 sed
438 3085 514 3138 idem
533 3101 698 3138 consensum
712 3085 787 3138 hunc
800 3085 884 3153 paulo
899 3087 964 3153 post
978 3086 1109 3138 attenuat

91 3155 122 3206 et
140 3153 347 3221 quodammodo
366 3155 450 3222 tollit,
470 3174 534 3209 eum
552 3157 697 3224 complura
716 3173 749 3208 ex
767 3157 810 3221 iis,
830 3172 904 3224 quae
916 3155 1025 3208 Plinius
1043 3173 1107 3224 pro-

91 3223 178 3290 ferat,
199 3224 347 3279 dissentire
366 3244 429 3279 cum
447 3228 597 3281 Posidonio
621 3228 752 3281 fateatur.
791 3230 819 3281 et
840 3243 954 3281 eausam
980 3228 1106 3294 profecto

111 3296 205 3366 roprie
223 3312 342 3364 vereque
361 3297 467 3352 dictam
486 3299 515 3351 in
534 3298 602 3352 luna
619 3299 728 3352 Plinius
752 3316 811 3352 esse
830 3301 924 3368 putat,
949 3315 1014 3351 nam
1034 3314 1106 3366 quae

89 3312 225 3437 deinceps
244 3369 280 3420 de
298 3369 326 3421 vi
345 3368 445 3423 sideris
464 3370 590 3439 exponit,
615 3387 649 3424 ea
672 3371 767 3424 omnia
785 3371 822 3423 ad
841 3370 937 3423 lunam
955 3370 1105 3438 pertinent,

89 3455 177 3506 quam
201 3439 337 3506 peculiari
361 3440 460 3493 sideris
484 3441 674 3510 appellatione
698 3442 833 3495 denotare
856 3441 930 3495 solet
946 3441 1010 3507 teir.
1025 3441 1118 3502 tillia,
1140 3424 1157 3507 i

89 3510 128 3562 ad
150 3509 255 3562 ΧΧΧΠ
261 3513 313 3580 59).
357 3511 424 3566 solis
453 3513 569 3569 demum
592 3519 672 3581 §215
698 3514 885 3569 mentionem
906 3511 985 3563 iacit
1011 3508 1157 3578 musana·

79 3580 187 3631 annun
203 3583 297 3636 canses
313 3585 414 3654 augeri
435 3591 542 3643 cuneta
563 3588 650 3658 dicit,
671 3605 751 3659 quae
767 3589 803 3642 in
819 3584 916 3638 maris
933 3581 1027 3632 aestu
1037 3576 1072 3622 en
1079 3582 1157 3619 iscn-

65 3649 235 3712 prosatione
255 3652 455 3714 observentur.
487 3662 598 3733 itaque
617 3664 646 3719 si
668 3679 796 3719 oausam
814 3654 1005 3728 primariam
1020 3645 1057 3692 a&
1073 3644 1169 3686 *iffi
