2408 3848
494 179 677 242 APPENDIX
1028 186 1094 250 549

28 400 32 409 ,
72 353 116 404 555
143 351 307 404 mutilatum
331 351 405 403 illud
427 352 527 404 iuterri
548 350 590 402 ita
613 348 755 417 supplere:
784 349 856 401 iuter
879 346 1046 419 <Lipe>riu
1069 353 1094 400 et

25 416 31 455 ⁵
74 423 246 491 Pyrenaeum
268 423 404 486 Gallicus,
424 422 590 490 praesertim
609 438 672 474 cum
691 419 845 472 Veneticae
862 418 973 482 insulae
991 435 1026 472 ex
1044 419 1095 470 ad-

25 490 31 527 ¹
72 508 151 546 verso
175 494 235 546 eius
259 493 326 546 ostii
345 493 416 547 51555
435 493 499 546 sint.
518 525 555 532 —
574 497 589 556 ξ
605 490 662 544 112
683 507 719 543 an
736 490 833 544 Seurbi
851 489 927 543 idem
946 505 979 542 ac
998 489 1095 544 Securi

73 565 149 632 apud
177 564 249 617 Ptol.
268 564 294 616 II
313 571 342 632 6,
362 569 414 618 27?
456 579 628 632 quamquam
656 562 733 630 apud
760 561 835 614 hunc
863 577 975 630 quoque
1001 560 1093 613 variat

25 632 28 668 ¹
73 635 220 704 scriptura.
245 667 277 675 —
301 635 339 688 ib.
369 637 534 706 argumento
561 634 617 687 loci
644 633 736 703 magis
766 635 864 700 aptum
892 634 982 701 ibique
1008 648 1094 699 quam

25 710 27 722 '
72 708 114 761 ibi
140 723 250 776 quoquc.
276 738 309 746 -
334 707 425 772 §120
452 705 608 760 Barbarum
635 720 692 756 una
719 706 831 757 tantum
858 703 955 758 fittera
982 705 1093 756 mutata

72 783 142 846 aput
164 795 207 832 eos
225 777 394 831 scribentem
411 778 495 831 unice
512 793 608 830 verum
626 775 765 829 invenisse
785 773 916 839 arbitror,
941 791 1003 828 cum
1023 774 1093 828 haec

72 849 218 901 hominum
245 849 414 918 significatio
443 848 589 917 aptissime
614 847 785 915 respondeat
807 848 908 900 uostris
931 847 960 899 et
982 847 1092 910 Poeaus,

72 921 123 989 qui
146 920 244 973 statim
268 923 453 989 opponuntur.
498 920 532 972 de
556 918 679 972 dictione
704 917 753 971 cfr.
768 916 858 970 XXIV
869 922 920 970 142
944 917 1021 985 opud
1044 933 1094 971 uos

72 992 259 1046 dracunculus
268 998 387 1046 uocatur.
400 1023 433 1030 —
443 991 480 1043 ib.
491 1006 594 1044 nomen
603 991 796 1060 Aboripiuum‚
809 988 914 1041 anullo
925 989 1093 1056 scriptorum

72 1065 198 1115 veterum
227 1065 292 1116 ante
320 1062 527 1117 Tertullianum
554 1064 583 1114 et
609 1061 790 1114 Ammianum
813 1059 1009 1113 Marcellinum
1033 1059 1091 1127 (cfr.

72 1133 154 1186 Thes.
168 1133 212 1186 LL
227 1134 240 1186 I
255 1137 315 1202 125)
331 1133 453 1187 nominis
469 1131 637 1202 appellativi
650 1133 733 1185 modo
748 1133 923 1199 usurpatum,
938 1147 953 1184 e
968 1130 1093 1183 Pintiani

73 1204 235 1258 coniectura
258 1207 294 1259 H
316 1205 423 1274 primus
446 1203 577 1257 Pliniana
603 1204 725 1256 sermoni
749 1202 866 1255 affinxit.
908 1202 979 1254 mihi
1002 1202 1092 1271 magis

72 1275 210 1343 probatur
244 1279 278 1330 cb
311 1278 416 1346 oripiue
449 1273 638 1347 <iudi9euue>
671 1291 773 1328 eorum.
825 1275 978 1342 (ναιετῆρεε
1010 1272 1092 1326 Dion.

71 1345 177 1416 perieg.
194 1352 255 1413 456,
274 1349 364 1402 coloni
381 1347 478 1400 Anien.
500 1347 587 1399 deser.
608 1345 665 1398 orb.
685 1347 750 1399 terr.
766 1346 837 1414 615).

144 1417 210 1472 LIB.
225 1417 251 1470 V
275 1417 343 1484 §14
372 1419 494 1486 abrupta
522 1420 565 1471 est
592 1417 683 1470 oratio
711 1419 776 1485 post
804 1416 888 1469 verba
914 1415 1039 1483 prodidit
1061 1415 1094 1469 dc

72 1490 225 1543 excelsitate
252 1490 361 1558 quidem
388 1490 447 1543 cius
474 1506 544 1557 quac
569 1490 661 1555 ceteri3
691 1488 833 1542 desideres
861 1487 908 1542 sed
937 1493 962 1540 et
979 1486 1024 1539 vel
1047 1488 1093 1542 sed

68 1567 225 1628 praeterea:
249 1559 298 1614 cfr.
313 1579 340 1629 p.
356 1565 407 1613 543
432 1563 529 1613 notam
552 1560 589 1612 ad
607 1559 702 1612 Π247.
723 1591 755 1599 -
777 1559 843 1624 §17
865 1565 955 1629 pentes
973 1557 1093 1612 fortasse

72 1633 235 1700 corruptum
267 1633 310 1684 est
343 1648 376 1685 ex
408 1631 547 1700 singulari
578 1646 707 1696 numero,
740 1632 772 1683 ut
805 1629 938 1683 continua
966 1629 1093 1683 oratione

72 1701 239 1771 iungantur:
271 1721 336 1774 peris
368 1706 399 1757 iu
431 1720 463 1757 cu
495 1704 633 1771 55550555
661 1704 816 1770 praecipuo
849 1701 1024 1755 Maurorum.
1059 1733 1092 1740 —

72 1779 88 1839 ς
104 1773 139 1826 a1
163 1775 341 1829 Macciurebi
354 1773 425 1827 Ptol.
436 1773 474 1826 IV
485 1779 509 1839 2,
525 1778 549 1827 5.
569 1805 603 1812 -
623 1770 661 1825 24
680 1788 716 1824 an
735 1774 843 1827 colouiu
860 1774 936 1825 item
951 1773 1092 1827 Macula?

72 1861 140 1898 nam
159 1853 184 1900 et
202 1847 268 1898 ante
283 1846 407 1900 Mascula
426 1845 532 1898 habent
549 1844 616 1897 Iibri
635 1860 731 1897 omnes
744 1846 858 1912 praeter
871 1849 901 1895 E.
917 1875 951 1882 -
966 1844 1002 1896 ad
1017 1843 1092 1908 529.

72 1915 112 1970 30
131 1916 179 1970 cfr.
201 1916 267 1970 Otto
287 1916 374 1970 Cunta
398 1917 432 1969 dc
451 1917 579 1985 Augusto
598 1914 684 1967 Plinii
707 1914 961 1984 geographicorum
978 1916 1093 1968 auctore

72 1987 197 2056 (Bonnae
227 1992 306 2057 1888)
334 2007 362 2057 p.
386 1993 420 2041 40
449 2005 509 2056 sqq.
560 1989 760 2042 Assuritauuu
787 1985 842 2038 CIL
865 1985 931 2040 VIII
958 2004 985 2038 n.
1015 1990 1092 2039 1798.

72 2059 163 2112 forma
188 2060 366 2114 Otiuiooeuse
390 2058 570 2114 confirmatur
592 2057 776 2126 inscriptione
799 2056 955 2126 (publicata
978 2056 1008 2110 in
1026 2057 1093 2110 Rev.

74 2130 194 2183 archecl.
211 2136 288 2196 1892,
310 2136 342 2184 19
362 2150 389 2200 p.
405 2133 466 2200 295)
490 2131 566 2199 apud
580 2129 759 2182 Waltherum
776 2128 902 2193 BartheL
922 2128 975 2181 Zur
994 2127 1092 2183 Gesch.
1170 2167 1173 2169 -

73 2201 124 2252 der
136 2206 204 2253 rim.
217 2202 315 2255 stadie
330 2203 360 2254 in
369 2202 466 2256 Africa
481 2201 724 2271 (Gryphiswaldae
735 2202 814 2268 1904)
828 2219 856 2268 p.
867 2205 909 2253 36.
930 2200 964 2252 de
975 2200 1094 2254 Siruitltu

74 2270 124 2324 cfr.
144 2270 279 2325 CILVIII
296 2291 323 2341 p.
340 2277 399 2326 158.
440 2274 654 2328 Thubursiceusc
676 2272 713 2325 ib.
737 2291 765 2340 p.
782 2277 842 2325 177.
884 2272 1021 2325 Uchitouu
1039 2270 1094 2340 (Ξῖ)

74 2341 112 2395 ib.
123 2360 149 2394 n.
162 2347 260 2397 15450.
273 2348 373 2397 15454.
385 2350 417 2397 15
425 2350 485 2397 455.
509 2346 707 2399 Abbirituuuru
716 2343 754 2396 ib.
765 2360 791 2396 n.
803 2348 864 2396 814.
875 2374 909 2382 —
920 2348 935 2407 ξ
946 2342 983 2396 35
998 2358 1095 2395 verum

72 2412 153 2477 vidit,
169 2414 275 2481 opinor,
291 2414 504 2482 Dalecampius3
520 2415 686 2468 alterutrum
696 2414 770 2468 enim
780 2429 893 2467 necesse
904 2416 957 2466 est:
970 2416 1095 2466 montem

75 2500 136 2538 5555
159 2487 209 2536 555
232 2485 326 2553 specie
350 2485 450 2539 adusto
474 2485 594 2538 similem
619 2489 669 2537 aut
690 2486 783 2553 ipsum
801 2501 831 2537 re
849 2500 916 2538 vera
935 2500 1092 2537 accensum.

72 2558 222 2624 peccatum
241 2558 284 2610 555
302 2555 370 2609 olim
388 2557 587 2610 terminatione
607 2557 826 2610 accommodata.
847 2587 882 2594 -
901 2560 916 2619 ξ
931 2553 970 2609 40
985 2555 1093 2609 numeri

74 2644 158 2696 quem
184 2626 283 2695 scripsi
305 2628 379 2680 ratio
402 2629 445 2681 est
467 2627 549 2680 haec:
575 2627 651 2694 apud
670 2627 818 2696 Agathem.
838 2625 877 2678 HI
892 2631 925 2676 10
949 2628 1095 2693 computat

73 2698 267 2752 Artemidorus
287 2715 304 2751 5
322 2698 406 2768 Tingi
426 2698 570 2766 Canopum
588 2697 743 2750 stadiorum
763 2702 854 2750 29252
873 2697 900 2749 h.
917 2713 939 2750 e.
959 2713 1093 2765 passuum

74 2774 205 2822 3656400
224 2769 269 2823 vel
288 2769 449 2822 summatim
464 2773 605 2833 3657000,
625 2785 691 2837 ergo
705 2769 836 2833 Isidorus,
857 2767 906 2836 qui
921 2767 1094 2835 computavit

73 2846 166 2893 40000
189 2857 263 2909 pass.
289 2841 422 2909 amplius,
450 2845 590 2893 3697000.
615 2872 648 2880 -
673 2837 741 2905 §44
765 2845 859 2908 eosque
882 2840 963 2893 iuuiu
987 2838 1039 2908 (Εἴ)
1065 2843 1094 2892 55

73 2915 154 2966 iuutu
178 2929 271 2980 eosque
294 2914 325 2980 (l)
348 2930 404 2965 non
426 2912 518 2980 magis
542 2913 619 2963 certa
642 2913 707 2963 sunt
731 2926 816 2978 quam
838 2912 919 2964 iuxta
942 2928 988 2964 cus
1009 2909 1092 2980 (E²0).

74 2983 197 3036 cernitur
228 2999 327 3036 manus
360 2983 522 3037 correctoris
555 2984 655 3050 suopte
684 2981 799 3050 ingenio
827 2982 909 3036 iuxta
936 2981 1093 3035 inserentis.

73 3054 177 3107 dixeris
195 3054 315 3108 fortasse
334 3071 427 3123 cosque
446 3055 479 3123 (r)
500 3056 592 3106 ortum
610 3069 671 3106 esse
690 3055 795 3122 (fpost
809 3053 827 3118 f
841 3053 952 3122 omisso)
973 3068 1007 3104 ex
1024 3054 1094 3119 fece-

73 3143 135 3195 555,
164 3126 217 3178 hoc
243 3128 338 3180 autem
361 3127 523 3194 corruptum
546 3141 580 3178 ex
602 3126 736 3192 serosque,
766 3125 794 3176 et
818 3124 983 3177 continuata
1006 3124 1094 3178 luisse

72 3196 159 3250 verba
178 3197 230 3249 sic:
253 3197 385 3251 Atluutos
402 3199 524 3264 ferosque
543 3197 717 3266 Aepipouus,
737 3197 875 3261 semiferos
892 3202 917 3250 et
936 3197 1094 3265 Blemmyas

74 3284 130 3335 eqs.
151 3300 184 3307 —
205 3272 219 3332 5
234 3266 273 3321 46
291 3267 377 3321 reieci
393 3267 508 3322 verbum
522 3268 653 3320 dicuutur
668 3268 701 3336 (c)
716 3270 781 3334 post
794 3268 902 3320 comites
914 3268 1001 3334 fuisse
1014 3266 1094 3320 nulla

73 3339 241 3392 necessitate
268 3339 305 3392 ad
328 3339 515 3407 supplendam
539 3339 695 3391 oraticnem
719 3337 859 3401 additum,
888 3339 963 3404 quod
987 3338 1093 3407 fugisse

74 3411 162 3463 ctiam
189 3409 340 3465 Mullorum
372 3410 407 3463 de
440 3409 504 3462 stilo
534 3428 561 3477 p.
584 3414 616 3462 76
646 3408 798 3462 solemnem
826 3409 898 3462 hanc
926 3408 1093 3462 brevitatem

74 3481 187 3534 dicendi
201 3480 359 3535 luculenter
373 3482 612 3534 demonstrantem
628 3483 671 3533 555
685 3480 761 3548 quod
774 3481 915 3534 miremur.
927 3511 961 3518 -
972 3486 986 3545 ς
997 3480 1035 3534 59
1045 3496 1094 3533 ne-

75 3585 129 3638 que
153 3571 261 3623 sareu
282 3570 355 3623 nu
374 3585 464 3637 neque
488 3570 582 3623 5555
605 3574 643 3624 ea
660 3558 737 3622 ΠΠ
754 3571 801 3639 (se.
820 3586 894 3637 pass.
915 3569 1033 3638 ambitu)
1053 3570 1094 3622 rei

72 3640 187 3693 veritati
216 3641 352 3694 convenit.
396 3657 432 3694 an
460 3657 524 3694 vero
552 3641 709 3694 indicatum
738 3641 810 3707 erat,
839 3642 871 3693 ut
896 3640 1099 3708 paeninsulam
