2408 3848
124 126 145 190 2
472 126 499 181 Ο.
518 126 617 182 PLINI
636 126 793 182 SECVNDI
1036 139 1146 190 [ulmea

89 295 202 356 evivat
233 295 402 373 imperium.
452 293 641 372 triumphalis
674 302 703 355 et
736 297 890 355 censorius
922 304 955 356 tu
988 297 1145 373 sexiesque

126 382 230 443 consul
253 402 287 443 ac
310 382 488 443 tribuniciae
512 385 666 462 potestatis
689 386 840 463 particeps
864 393 901 463 et,
927 385 1005 463 quod
1025 384 1073 443 bis
1092 403 1145 443 no-

125 472 215 532 bilius
243 472 354 550 fecisti,
386 472 456 532 dum
484 471 557 532 illud
584 475 663 551 patri
690 475 802 552 pariter
830 482 859 533 et
887 475 1019 552 equestri
1046 473 1146 533 ordini

125 568 272 640 praestaS‚
298 562 466 640 praefectus
490 563 633 639 praetorii
656 563 721 621 eius
744 565 902 641 omniaque
926 563 999 623 baec
1023 565 1068 623 rei
1091 580 1145 641 pu·

125 650 219 710 blicae
248 668 293 710 es:
321 649 407 709 nobis
437 650 557 728 quidem
585 649 681 728 qualis
709 652 740 710 in
769 654 914 711 castrensi
941 651 1145 729 contubernio,
1175 678 1188 717 5

125 757 181 800 nec
209 742 369 818 quicquam
396 741 428 798 in
456 746 486 799 te
514 741 638 799 mutavit
666 740 801 801 fortunae
828 740 1003 820 amplitude,
1031 742 1090 800 nisi
1113 749 1147 800 ut

89 841 106 890 4
126 827 267 907 prodesse
295 827 470 888 tantundem
495 846 598 906 posses
622 837 652 888 et
673 828 773 889 velles.
821 831 920 908 itaque
945 848 1013 890 cum
1037 831 1145 889 ceteris

125 920 156 976 in
179 919 369 977 veneratione
393 919 437 976 tui
460 924 579 996 pateant
602 919 702 977 omnia
725 917 793 997 ulia,
819 918 905 978 nobis
930 918 966 978 ad
990 917 1146 978 colendum

124 1014 154 1066 te
183 1006 357 1066 familiarius
387 1005 508 1066 audacia
532 1005 594 1066 sola
618 1015 769 1084 superest:
796 1007 873 1067 banc
896 1009 989 1086 igitur
1011 1006 1067 1067 tibi
1090 1009 1145 1066 im-

124 1095 243 1174 putabis
267 1103 296 1155 et
320 1097 350 1155 in
374 1102 476 1154 nostra
500 1095 586 1174 culpa
610 1095 665 1155 tibi
689 1097 835 1173 ignosces.
872 1097 1016 1176 perfricui
1040 1097 1146 1156 faciem
1161 1123 1188 1162 ro

125 1202 181 1244 nec
209 1192 308 1245 tamen
336 1186 464 1262 profeci,
495 1187 634 1262 quoniam
663 1184 719 1244 alia
747 1187 793 1244 via
821 1188 954 1245 occurris
982 1188 1087 1263 ingens
1116 1193 1146 1244 et

90 1287 105 1334 5
125 1273 244 1351 longius
263 1275 352 1334 etiam
372 1291 539 1332 summoves
553 1275 667 1352 ingenii
681 1274 820 1334 fascibus.
853 1274 1004 1353 fulgurare
1018 1277 1050 1334 in
1064 1273 1147 1333 nullo

125 1380 267 1440 umquam
294 1363 395 1422 verius
425 1360 502 1422 dicta
530 1363 575 1422 vis
602 1362 802 1441 eloquentiae,
831 1362 992 1423 tribunicia
1015 1371 1148 1442 potestas

125 1450 290 1511 facundiae.
347 1450 457 1529 quanto
491 1458 523 1510 tu
556 1469 607 1511 ore
639 1453 733 1530 patris
766 1451 869 1511 laudes
902 1452 999 1517 tonas!
1035 1459 1145 1530 quanto

125 1541 226 1600 fratris
255 1539 348 1599 amasl
377 1547 505 1618 quantus
532 1542 564 1600 in
592 1542 707 1618 poetica
736 1539 780 1601 es!
810 1559 956 1619 omagna
980 1540 1146 1601 fecunditas
1161 1559 1188 1606 15

125 1628 229 1688 animi!
260 1647 348 1707 quem
377 1628 413 1688 ad
441 1629 562 1689 modum
585 1629 707 1689 fratrem
732 1648 850 1708 quoque
873 1632 1034 1691 imitareris
1060 1648 1147 1690 exco-

125 1720 234 1797 gitasti.

88 1820 105 1868 o
215 1806 273 1866 Sed
301 1807 375 1866 haec
403 1809 470 1885 quis
498 1809 592 1886 possit
618 1807 786 1886 intrepidus
810 1810 967 1868 aestimare
991 1807 1146 1868 subiturus

125 1898 240 1974 ingenii
263 1897 307 1955 tui
331 1895 484 1974 iudicium,
507 1899 685 1974 praesertim
708 1893 901 1957 lacessitum?
944 1915 1041 1975 neque
1065 1899 1145 1957 enim

125 1984 231 2045 similis
255 1992 300 2044 cst
324 1984 459 2045 condicio
483 1984 700 2063 publicantium
724 1993 754 2045 et
776 1987 952 2046 nominatim
970 1986 1025 2046 tibi
1046 1985 1145 2045 dican·
1161 2012 1188 2051 eo

123 2076 208 2134 tium.
259 2081 322 2134 tum
350 2093 469 2152 possem
499 2073 612 2134 dicere:
644 2072 731 2144 ‘Quid
759 2076 815 2134 ista
843 2074 931 2153 legis,
959 2073 1145 2154 Imperator?

124 2163 230 2223 humili
257 2162 344 2241 vulgo
373 2165 484 2242 scripta
513 2170 595 2240 sunt,
624 2162 835 2242 agricolarum,
863 2164 1002 2243 opificum
1031 2163 1147 2242 turbae,

125 2251 253 2330 denique
281 2251 448 2312 studiorum
475 2254 587 2312 otiosis.
640 2251 711 2330 quid
739 2260 768 2312 te
795 2251 925 2312 iudicem
953 2249 1047 2312 facis?
1076 2272 1145 2313 cum

123 2341 200 2400 banc
223 2350 343 2420 operam
367 2340 563 2419 conticerem,
587 2360 646 2401 non
671 2359 738 2402 eras
761 2343 793 2400 in
811 2341 868 2401 boc
887 2341 961 2401 albo.
1003 2344 1146 2401 maiorem

198 2589 211 2635 1
224 2585 389 2651 sextumque
398 2584 596 2653 permeate
668 2590 685 2637 4
698 2586 793 2653 p(pro
802 2582 946 2653 publicae)
955 2584 1102 2638 EaMorb.

125 2658 141 2706 5
161 2669 190 2707 es
209 2671 263 2724 eqo.
284 2670 313 2707 es
333 2657 362 2706 et
376 2655 463 2709 Rhea.
484 2657 527 2708 est
541 2657 570 2709 et
583 2656 726 2708 EaMurb.
741 2657 771 2708 et
785 2672 821 2708 ro
838 2657 841 2722 Ι
858 2654 951 2723 qualis
966 2661 1034 2720 pke.
1055 2655 1088 2709 -li
1101 2660 1147 2707 lta

126 2726 221 2782 Moab.
245 2724 284 2778 -le
305 2731 368 2790 d'rq
476 2725 679 2791 enecapldo.
703 2726 865 2794 nerlnisi
886 2727 919 2782 G.
942 2725 1147 2795 inhisffiso)

124 2795 179 2848 nisi
198 2797 256 2854 lto.
275 2796 383 2849 cunctis
397 2796 452 2851 nisi
467 2797 497 2851 D
589 2802 603 2849 'l
618 2797 766 2866 prodesset
778 2802 845 2849 nah
861 2799 865 2863 Ι
882 2799 993 2850 lantum
1007 2797 1083 2851 idem
1097 2798 1142 2868 Dl

124 2883 220 2935 posses
244 2871 327 2932 pklo.
352 2871 422 2926 -sset
445 2870 465 2922 ll
480 2870 484 2937 Ι
501 2871 530 2922 et
552 2868 665 2937 ΜΘΗ).
691 2870 723 2921 ut
747 2869 774 2921 ll.
786 2869 913 2937 Veu.(H)
929 2870 933 2936 1
950 2885 1034 2935 quom
1057 2874 1075 2920 k

125 2943 141 2992 8
159 2938 370 2993 uenerationem
386 2943 461 3008 dq(?)
473 2941 537 2994 Vea.
555 2939 558 3008 l
575 2939 633 2992 alia
644 2957 698 3009 eqo.
709 2938 761 2992 illa
771 2941 820 2993 lto
894 2945 926 2992 12
946 2939 1054 3008 ingenii
1070 2938 1145 2995 dllo.

125 3009 193 3062 -ntis
207 3028 229 3063 r.
254 3009 342 3064 -tibus
356 3016 382 3064 k.
397 3028 446 3065 om.
462 3029 478 3076 p
495 3014 499 3079 l
515 3010 660 3079 fulgurare
681 3011 786 3064 Mdller
804 3011 905 3064 emend.
921 3012 942 3063 I
947 3028 977 3080 p.
993 3015 1018 3064 3.
1038 3011 1145 3082 -gorari

124 3085 171 3144 pk.
196 3080 250 3133 ali
273 3086 353 3134 deal.
379 3081 485 3150 -gurati
503 3089 530 3135 Τ.
555 3084 612 3135 -rat
630 3099 668 3146 qo
684 3084 687 3149 Ι
704 3080 762 3134 ullo
780 3081 830 3136 ΕΒ
942 3087 974 3135 13
993 3083 1037 3135 uis
1058 3089 1144 3147 dequ.

125 3151 169 3205 bis
188 3168 203 3205 r
219 3152 222 3221 l
238 3151 390 3208 tribunicia
413 3155 539 3221 potestus
559 3153 589 3205 D
607 3170 668 3206 cum
688 3153 858 3208 Mommseoo
876 3154 982 3222 (Herm.
997 3155 1018 3206 1
1024 3171 1053 3222 p.
1071 3156 1145 3223 128).

42 3245 44 3248 ⁴
125 3222 198 3275 -ciac
221 3223 300 3276 -tetis
315 3225 364 3279 llo
439 3230 471 3277 14
490 3223 716 3279 facundiaca.S
785 3229 817 3277 15
836 3239 914 3277 amas
929 3225 986 3279 llo.
1001 3224 1092 3278 famas
1107 3225 1146 3278 1).

125 3295 251 3348 mendum
269 3297 392 3349 noudum
411 3296 550 3350 sublatum
625 3300 657 3348 18
671 3297 768 3364 posset
782 3300 822 3360 pk
894 3301 927 3347 23
943 3313 1006 3349 cum
1021 3314 1045 3351 v.
1061 3312 1145 3363 quom

126 3366 180 3432 (ql)
199 3365 235 3418 D.
256 3383 341 3433 quam
360 3372 449 3420 drea.
470 3366 538 3435 quia
556 3371 611 3431 pkl
694 3373 727 3419 24
746 3365 821 3419 hunc
840 3372 902 3418 dua
919 3370 923 3435 Ι
941 3383 1004 3420 eum
1023 3367 1147 3421 dicerem

124 3434 239 3501 2²0ka
256 3438 259 3506 l
275 3453 331 3490 non
350 3454 411 3491 eras
431 3456 455 3492 n.
474 3437 591 3492 naenias
609 3442 628 3490 l.
647 3453 762 3490 noemes
777 3437 831 3502 qk1.
851 3437 968 3492 neonies
982 3445 1010 3490 Τ.
1029 3454 1148 3492 neomas

126 3512 149 3560 d.
169 3506 266 3579 nenias
285 3526 307 3562 e.
327 3509 426 3563 nenias
445 3514 496 3561 Ea.
517 3524 584 3562 uen-
602 3514 642 3573 pk
658 3511 662 3576 l
679 3508 745 3562 aluo
764 3514 808 3560 Ea
