2408 3848
131 187 196 250 542
547 187 731 241 mennon(

131 345 241 400 damam
273 345 408 400 voluisset
440 346 632 417 distinguere,
659 347 760 412 saltem
788 347 829 401 sic
856 349 951 404 verba
982 353 1155 409 collocasset:

129 434 216 471 cauea
233 419 265 470 ire
284 419 352 471 lurra
370 419 483 485 soleque.
511 435 585 471 nunc
603 434 668 472 vero
686 418 753 472 solis
772 418 829 472 vim
847 420 887 473 ad
905 424 1036 478 modum
1055 426 1155 480 videtur

128 487 245 555 referre,
269 504 382 541 causam
404 489 446 542 rei
469 489 499 542 in
522 489 587 542 luna
605 505 739 557 quaerere
763 492 793 543 et
811 493 915 561 arguta
928 494 1076 564 „dictione
1094 498 1155 553 inter
1183 548 1186 553 .

130 576 159 612 se
181 575 322 629 opponere
340 559 422 614 haec:
437 561 568 628 ploratus
584 561 692 629 quidem
710 560 806 630 credre,
824 578 921 617 verrere
941 560 1039 637 cauda
1057 566 1092 639 ire
1108 564 1155 623 etta

129 631 206 685 zera.
242 648 360 700 namque
377 633 419 685 bis
437 647 494 699 eqs.
514 630 635 699 (syllaba
653 637 693 685 πᾶ
731 633 827 701 ropter
843 633 976 689 vicinam
985 632 1041 693 'na'
1051 636 1153 693 oblitte

127 705 192 755 rata
215 716 248 756 ex
271 703 330 757 sola
352 703 453 755 fictum
476 703 610 770 estante).
631 735 664 742 -
684 649 767 768 §ile
786 704 1108 777 enumeraverim,
1128 727 1154 764 ue

129 774 293 837 sententiae·
313 774 428 841 quidem
455 773 539 845 huius
567 773 622 827 loci
649 773 734 843 plane
762 776 949 845 conveniens,
980 779 1021 832 ab
1037 777 1154 850 'er'udito

129 846 283 897 correctore
301 847 371 913 puto
389 845 575 898 substitutum
594 861 662 910 esse,
681 846 847 914 praesertim
867 862 935 901 cum
957 845 1074 907 seriore
1091 850 1153 908 Lati-

127 916 227 969 nitatis
237 931 305 969 aevo
314 915 391 969 haud
400 914 561 984 infrequens
572 932 632 969 esse
642 916 777 984 coeperit:
788 916 836 971 cfr.
845 913 994 974 Wolfflini
1006 917 1153 978 anchiali

129 989 219 1055 (1887)
238 1005 265 1055 p.
277 992 318 1040 76.
335 1018 369 1027 -
383 985 468 1052 §224
486 987 604 1040 redeunt
622 985 741 1041 fortasse
760 987 797 1041 ad
813 987 938 1041 eundem
959 999 1153 1059 correctorem,

128 1058 177 1125 qui
201 1059 267 1110 dum
290 1057 367 1110 tollit
389 1057 624 1125 inaequalitatem
642 1058 671 1112 et
690 1059 832 1126 quandam
851 1059 1014 1118 audaciam
1040 1066 1153 1125 dicendi.

128 1145 184 1196 qua
207 1128 414 1192 offendebatur,
439 1128 627 1198 tautologiam
651 1129 811 1198 ampliavit,
834 1129 906 1202 haec
932 1151 1016 1202 quae
1040 1131 1153 1192 eduntur

128 1216 161 1253 ex
171 1199 330 1253 wlt’n‘:
347 1199 453 1268 (dulces
468 1203 569 1269 aquae)
584 1200 694 1255 dotores
707 1202 776 1256 taut
789 1200 883 1273 dubim
898 1200 966 1259 ideo
982 1213 1011 1260 et
1026 1212 1154 1273 pruritur,

127 1289 245 1340 quaram
262 1279 367 1326 rarat-a
385 1278 423 1325 eat
437 1273 557 1341 pravior,
577 1273 664 1342 mapie
677 1273 784 1345 inerma
796 1275 942 1328 audierat.
973 1277 1086 1347 multo,
1106 1280 1153 1350 tpi-

127 1359 186 1409 nor,
198 1344 333 1411 'praestat
351 1341 522 1410 reliquorum
540 1342 674 1395 librorum
693 1342 784 1396 forma
803 1343 930 1398 concisa:
955 1349 1098 1406 marinae
1115 1370 1152 1405 ee·

126 1420 191 1468 tura
242 1415 321 1468 aeior
338 1415 426 1483 erepte
444 1415 550 1467 invecta
568 1415 689 1467 apetiret.
728 1413 763 1467 de
782 1413 937 1484 singularis
957 1424 1084 1493 numeri
1102 1419 1152 1493 cuin

146 1483 229 1537 lura'
255 1483 434 1552 copulatione
457 1483 506 1537 cfr.
525 1483 627 1538 Miller
655 1485 689 1538 de
712 1484 778 1538 stilo
823 1490 890 1540 ,tt
911 1551 914 1558 ⁸
937 1503 973 1542 ac
999 1489 1113 1549 nescio'
1127 1508 1153 1547 an

126 1502 204 1608 Reda
222 1571 281 1608 rem
299 1558 375 1608 recte
394 1556 559 1625 perceperit,
579 1572 643 1608 cum
662 1572 750 1623 aquas
770 1503 865 1638 duitas
877 1554 1015 1639 'marinis
1032 1565 1152 1636 superfu-

127 1642 171 1679 sas
190 1626 376 1696 intellegeret,
395 1629 428 1679 ut
445 1627 564 1695 proinde
589 1626 765 1683 scribendum
785 1629 823 1680 sit
840 1644 886 1681 ma
903 1646 932 1684 rs
951 1633 1089 1692 invectus
1105 1653 1152 1692 sru-

125 1699 194 1752 tireet
212 1700 258 1766 (sc.
274 1712 360 1765 quam
380 1697 489 1763 dulces,
510 1698 590 1751 utin
608 1696 700 1750 fluviis
720 1700 749 1751 et
767 1645 903 1769 lacubus?
925 1731 961 1741 -
983 1704 1082 1770 §280
1100 1709 1152 1781 port

125 1770 300 1837 incorruptae
322 1785 355 1822 ex
373 1768 453 1823 libris
473 1768 614 1839 plerisque
632 1769 662 1822 D
681 1768 794 1837 recepit*
807 1771 839 1822 ire
855 1768 944 1839 spiret.
962 1768 965 1786 ¹
986 1781 1075 1844 quod
1095 1777 1152 1849 qnid

126 1840 238 1893 sitnon
256 1841 374 1909 reperio.
407 1840 514 1893 habent
531 1857 611 1908 apere
631 1856 674 1907 op,
695 1857 798 1908 semper
811 1841 862 1907 rs,
882 1843 985 1897 omisit
1007 1853 1045 1918 Δ,
1066 1852 1097 1905 in
1115 1867 1151 1904 cn·

124 1911 169 1964 ius
184 1912 337 1979 archetypo
352 1927 385 1964 ea
398 1911 484 1964 verba
497 1914 531 1965 ut
545 1910 667 1964 absurda
680 1907 810 1964 videntur
819 1911 914 1965 deleta
924 1913 1043 1974 fuisses
1066 1939 1151 1977 verum

125 1983 301 2036 desideratur
320 1999 387 2035 sane
406 1983 434 2034 in
449 1982 502 2035 hoc
517 1999 653 2048 aquarum
667 1981 839 2035 mirabilium
854 1984 989 2053 exemplo
1006 1989 1043 2043 id
1059 1990 1150 2064 ipsum

125 2054 201 2120 quod
221 2054 257 2106 sit
275 2052 405 2106 miraculi
424 2053 528 2117 simile,
553 2054 610 2106 sive
629 2052 685 2107 fuit
706 2053 812 2109 mentio
837 2070 954 2122 causae,
974 2077 1049 2128 'qua
1070 2079 1150 2133 aquae

124 2140 181 2177 non
209 2125 471 2192 corrumpebantur,
499 2125 557 2187 siue
585 2123 792 2190 diuturnitatis,
821 2141 877 2193 qua
896 2125 1150 2203 ¹du'rabant,'sire

125 2196 196 2249 stati
210 2196 356 2248 cuiusdam
372 2198 400 2248 et
415 2195 566 2264 singularis
581 2196 724 2264 temporis,
744 2213 799 2263 quo
818 2195 1029 2256 exoriebantur
1046 2210 1077 2260 et
1087 2200 1150 2260 *hau-

124 2267 174 2320 riri
196 2269 335 2335 poterant.
377 2268 407 2319 in
430 2267 503 2319 hanc
531 2266 645 2334 quidem
670 2266 843 2321 sententiam
870 2269 1000 2343 quadret
1031 2272 1150 2348 uespera,

124 2354 210 2405 quam
223 2337 343 2390 formam
356 2340 522 2406 usurpatam
537 2338 664 2407 videmus
678 2336 744 2390 XIII
754 2343 812 2394 109.
831 2337 896 2390 XIX
906 2342 967 2393 183.
991 2343 1107 2402 XXXII
1116 2353 1150 2417 36.

125 2424 296 2476 quamquam
317 2425 415 2462 vereor
438 2424 472 2461 ne
494 2409 701 2478 desperandum
720 2409 757 2462 sit
776 2409 810 2461 de
830 2410 991 2467 sanatione.
1016 2449 1054 2459 -
1075 2419 1151 2485 §233

124 2496 160 2532 an
179 2481 219 2533 sr'c
237 2487 262 2534 et
279 2481 329 2535 illa
345 2482 468 2549 permira
486 2486 605 2534 naturae
623 2487 724 2548 opera?
743 2511 776 2520 -
797 2480 852 2533 237
877 2480 1005 2539 fortasse
1026 2491 1056 2543 si
1074 2492 1151 2556 iate-

123 2552 199 2605 mtmt
217 2550 325 2624 (uma)
344 2553 389 2605 ille
408 2552 547 2606 iucundus
567 2593 589 2604 ..
609 2558 706 2617 crater,
724 2551 984 2622 nam-adiectivum
1005 2561 1089 2615 nude
1108 2579 1151 2631 po-

124 2623 209 2676 situm
237 2622 323 2676 habet
351 2623 427 2690 quod
454 2621 587 2675 offendat.
604 2621 753 2689 55289
781 2640 880 2690 qaaere
907 2631 933 2677 et
960 2624 1152 2686 idamaeam

124 2693 216 2762 (Ruit
236 2693 451 2762 interrogationi
470 2694 583 2747 adnecti
603 2693 721 2746 alteram
738 2693 893 2763 particulis
903 2711 934 2748 re
946 2697 998 2750 vel
1014 2709 1069 2756 aar
1085 2704 1152 2757 adeo

123 2764 246 2818 Pliniani
269 2765 354 2817 moris
378 2767 441 2829 est,
456 2766 489 2817 ut
512 2781 610 2833 quaeve
634 2764 691 2817 iam
710 2764 766 2833 ipsi
783 2762 876 2818 Plinio
896 2781 961 2818 curn
982 2769 1007 2822 S
1027 2774 1153 2828 tribuere

122 2835 219 2889 malim
239 2853 323 2903 quarn
342 2835 547 2904 interpolatori,
567 2851 584 2888 a
604 2853 658 2903 quo
677 2835 724 2888 vix
742 2837 839 2889 credas
854 2835 929 2890 hunc
944 2855 1063 2897 morem
1078 2847 1153 2900 recta

123 2906 301 2961 observatum
324 2924 392 2961 esse.
431 2907 559 2975 exempla
582 2906 673 2960 habeo
696 2905 778 2960 haec:
803 2904 872 2961 X76
896 2909 964 2975 quid
987 2933 1153 2984 ..quam

122 2977 235 3031 VII116
255 2995 307 3047 quo
327 3020 351 3032 ..
371 2995 462 3047 quove,
482 2982 532 3030 189
547 2978 817 3047 qaod..qaarrture,
838 2982 889 3031 190
908 2996 980 3047 qaue
997 2980 1023 3036 ,ζ
1042 3004 1153 3056 meve,

122 3049 191 3103 XII>
215 3049 288 3103 uude
308 3091 331 3103 ..
351 3067 446 3118 quere,
470 3048 578 3102 XIH88
601 3066 651 3103 cur
671 3091 691 3103 ..
711 3066 803 3115 caree,
826 3043 960 3102 XXV119
982 3053 1152 3123 ubinamst.

122 3138 210 3185 carae,
220 3120 336 3174 XXVHI
346 3127 377 3174 11
389 3121 512 3189 quotiens
524 3163 528 3173 .
540 3161 546 3173 .
557 3122 717 3188 quotiensve,
728 3116 857 3173 XXXVII
866 3125 899 3172 41
909 3122 973 3188 quis
987 3165 992 3176 .
1006 3167 1013 3178 .
1025 3144 1153 3194 quamve,

122 3192 219 3259 itaque
242 3209 317 3245 nunc
340 3207 439 3248 censeo
457 3194 533 3245 recte
552 3190 638 3247 scribi
655 3190 772 3244 XXVIII
781 3195 815 3245 86
835 3198 940 3259 quauta
959 3233 986 3246 ..
1008 3200 1154 3267 'quantave

123 3266 194 3331 (vero
211 3281 261 3331 pro
280 3280 310 3317 ee
329 3264 408 3333 3¹8),
429 3267 480 3315 229
500 3264 561 3334 qaia
580 3304 604 3316 ..
624 3280 722 3330 quaem
741 3263 792 3330 (sic
810 3261 874 3332 πθ).
912 3262 1084 3331 particulae
1105 3279 1161 3327 eat·

121 3334 291 3458 arm
306 3333 521 3462 {tillidi
528 3331 768 3458 trudeat
780 3333 927 3458 Idee-
940 3338 982 3457 13·
1001 3344 1057 3464 iii
1076 3342 1153 3469 m

71 3482 77 3511 ,-
124 3506 155 3517 -
180 3474 263 3542 §244
285 3476 427 3530 vindicavi
448 3475 564 3529 verbum
583 3482 672 3544 potest
694 3478 801 3529 remoto
825 3474 875 3529 illo
893 3472 994 3559 patet,
1014 3477 1100 3549 quod
1123 3479 1152 3539 in

118 3547 197 3603 nullo
217 3548 315 3604 codice
334 3551 377 3602 est
395 3548 451 3603 nisi
468 3547 499 3600 in
516 3566 546 3614 p,
570 3547 762 3615 suppositum,
773 3549 807 3598 ut
824 3546 946 3614 videtur,
971 3549 1012 3603 ab
1033 3556 1152 3610 erudito

112 3616 229 3679 homine
248 3623 315 3680 aevi
332 3620 510 3683 recentioris.
546 3618 679 3674 turbatim
703 3634 736 3670 eo
756 3618 844 3686 etiarn
856 3620 1036 3701 perpetuitas
1057 3621 1151 3700 amb.
