2408 3848
78 176 145 241 534
496 175 680 230 sisennus

78 354 174 392 oerum
192 339 247 403 est,
268 335 381 407 flagitet
399 334 615 389 oolloostionem'
632 335 718 389 hano:
742 337 791 390 oie
808 344 850 392 est
863 339 958 407 probe
978 340 1107 407 iudicare,

78 413 111 462 nt
124 407 202 461 XXX
212 413 262 462 137
282 410 330 462 viu
348 415 387 462 esi
400 408 471 462 serio
484 408 630 474 complecti.
650 438 684 447 —
704 405 772 473 §24
786 416 881 477 pruoe'
891 412 977 466 dictu
991 413 1108 467 oonieoit

78 479 129 534 12⁸.
167 483 198 532 nt
221 479 270 533 cfr.
284 478 365 532 VII?
391 478 511 548 por'muu
538 479 629 543 dictu,
656 478 703 533 sed
725 479 881 534 immissum
906 480 1108 551 aestimatum,

79 549 168 603 XXIX
176 555 210 603 m
216 567 308 620 poma
321 551 447 619 opimam,
462 549 532 602 xis.
548 548 685 602 XXXV14
699 550 776 603 dictu
791 551 914 619 viriliores,
929 553 1057 608 XXXVI
1065 561 1109 610 104

169 623 292 676 mimium
314 622 390 675 diotu
412 622 576 685 maximum,
600 619 766 687 sinuosis,
790 621 814 673 si
837 625 920 676 reete
946 626 1109 693 semblent„

78 639 159 745 m
182 695 268 762 pario
291 693 331 747 oei
353 692 461 746 maiora
484 692 594 745 inmutu.
613 723 649 732 -
668 690 735 757 §25
757 707 856 746 vereor
877 698 919 748 ire
945 701 994 749 H
1019 699 1109 752 'v'erun

78 765 261 817 servaverint:
275 765 362 818 solum
376 769 408 816 ut
421 765 493 816 iuter
506 764 560 816 isto
574 770 675 816 eertum
688 765 732 828 sit,
747 763 821 816 siout
836 768 962 820 auctore
979 768 1010 822 G
1026 770 1110 824 eieots

78 837 120 890 uel
142 834 282 904 particula
305 834 343 887 sd
360 834 383 889 S
403 850 493 900 usque
516 833 625 888 editum
648 837 698 887 est.
735 834 826 902 possit
848 836 1016 894 oei'solum
1038 841 1109 909 terri,

78 908 120 960 oei
137 912 237 960 certum
256 907 424 1029 affl&
442 912 494 959 neo
512 904 638 957 munitur
656 903 791 972 exemplis
810 904 922 976 Silligii
943 906 1043 977 (XVII
1058 918 1109 966 121.

81 981 139 1029 137.
154 976 219 1030 XIX
229 983 252 1030 1.
371 981 430 1028 131.
448 974 566 1027 XXVIII
575 978 629 1044 le),
643 975 729 1028 immo
742 992 808 1029 vero
822 978 931 1032 evertit
946 980 1111 1053 elegnnten

79 1047 159 1101 illam
188 1052 374 1119 argutumque
401 1050 430 1099 et
457 1047 487 1099 in
515 1060 647 1114 oxymoro
675 1047 862 1100 neeessariam
891 1048 1024 1106 dicendi·
1040 1062 1109 1109 'oon-

79 1119 257 1185 oinnitetem‚
280 1135 337 1187 que
361 1117 465 1171 Seneca
488 1117 541 1171 eit:
570 1119 619 1172 boo
642 1130 729 1171 uuum
751 1125 852 1172 cmimu
875 1127 933 1187 est,
958 1125 1110 1182 mititem

78 1188 152 1244 emti.
186 1191 264 1261 origo
284 1190 384 1243 erroris
402 1189 502 1256 patefit
521 1189 659 1256 scriptura
677 1190 806 1244 iubenis
824 1190 880 1242 lin
895 1192 970 1260 Ele,
992 1205 1110 1264 quorun

78 1261 225 1330 archetypi
250 1261 343 1315 scribe
366 1261 468 1313 omissa
491 1259 577 1312 semel
600 1259 732 1313 vocalia
755 1262 822 1315 ente·
844 1260 959 1317 similes
986 1275 1020 1322 oe
1039 1269 1109 1322 'falso

78 1332 187 1403 legerat
210 1336 221 1385 t
242 1349 293 1400 pro
317 1339 334 1386 t.
371 1331 447 1386 idem
466 1331 603 1384 eccidisse
621 1330 781 1385 videturin
799 1331 849 1385 illo
868 1334 1056 1408 archetypo,
1080 1339 1110 1394 ed

78 1420 162 1470 quem
186 1420 221 1468 op
247 1407 276 1457 et
298 1403 334 1455 E’
355 1402 486 1467 redeunt,
513 1402 564 1454 ubi
587 1405 738 1467 corrector,
767 1420 830 1456 oum
854 1410 1110 1478 superscripsisset

79 1474 219 1542 syllabam
246 1481 288 1541 to,
317 1473 410 1527 delere
438 1473 462 1526 si
483 1473 541 1526 lem
567 1476 579 1526 t
606 1473 747 1526 omiserat.
789 1489 862 1542 quae
892 1476 919 1529 si
948 1495 1016 1534 non
1040 1486 1109 1537 reete

79 1546 206 1599 coniectu
229 1548 306 1610 sunt,
330 1544 402 1597 nihil
424 1544 453 1597 vi
474 1561 506 1597 eo
528 1544 603 1612 quod
622 1558 672 1613 pro
691 1545 731 1599 ool
748 1545 848 1612 reponi
865 1549 966 1613 possit
983 1553 1055 1606 'nisi'
1069 1556 1109 1608 boc

79 1615 122 1668 vel
141 1617 178 1670 id.
200 1648 232 1655 -
253 1622 267 1682 ξ
283 1615 319 1670 81
341 1615 457 1668 difficile
476 1619 519 1670 est
538 1615 651 1669 credere
669 1615 810 1670 ebIootem
828 1621 930 1671 vocem
948 1622 1109 1689 fortissimi,

79 1694 164 1757 quem
183 1688 265 1740 1¹2⁸
280 1687 353 1756 (lvi)
372 1687 479 1741 hebent
498 1689 563 1741 ente
577 1687 656 1752 fores,
673 1699 692 1740 'e
707 1687 904 1756 dittographie
919 1692 1032 1749 nutem·
1047 1704 1108 1759 esse,

78 1759 236 1827 mirumque
258 1759 387 1812 universe
409 1773 499 1813 mium
521 1759 594 1824 fores
617 1759 657 1811 sio
682 1757 738 1811 dioi
756 1762 789 1811 ut
806 1760 924 1826 proprie
943 1768 1027 1821 artis
1045 1770 1109 1834 form

79 1828 114 1882 ab
133 1829 304 1898 Apollodoro
323 1830 431 1898 pictore
450 1832 562 1897 apertas
582 1828 693 1896 (XXXV
706 1831 759 1898 61).
793 1845 829 1882 an
847 1829 879 1882 in
899 1832 1065 1905 adieetivo,
1081 1839 1109 1891 ut

79 1916 153 1954 nuno
182 1905 237 1967 est,
265 1904 396 1969 corrupto
422 1900 518 1954 subest
541 1900 663 1969 aliquid,
692 1917 747 1968 qno
772 1900 937 1957 distinctius
965 1907 1108 1963 indicetur

79 1972 207 2025 sideralis
229 1972 360 2034 scientis,
385 1972 419 2025 de
438 1987 494 2039 qua
513 1971 559 2024 hio
578 1971 690 2040 egitur?
726 1971 757 2024 in
774 1971 828 2025 heo
846 1971 924 2026 nihil
941 1980 1047 2050 inagis
1066 1980 1108 2034 sd·

78 2044 198 2096 miretur
220 2043 328 2096 Plinius
358 2060 442 2110 quem
469 2043 635 2096 immensum
663 2041 849 2097 subtilitatem
879 2045 941 2098 sive
970 2052 1108 2106 scientim

78 2115 137 2168 sive
155 2114 263 2189 ingenii
281 2114 434 2179 hominum,
453 2114 502 2182 qui
521 2128 584 2166 eam
603 2114 784 2166 excoluerunt
803 2114 861 2182 (ofr.
877 2113 905 2167 Π
921 2122 970 2172 30.
988 2127 1035 2175 67.
1053 2128 1107 2176 139.

81 2190 140 2239 164.
156 2192 216 2239 247.
236 2184 274 2239 VI
285 2189 359 2255 171):
380 2184 448 2253 quid
468 2185 492 2237 si
510 2185 601 2251 ipsum
617 2201 708 2238 mrum
721 2186 931 2240 subtilissimam
947 2194 1108 2258 praedicet,

78 2252 122 2310 nt'
143 2256 181 2310 sit
211 2257 404 2324 reponendum
434 2273 525 2310 rerum
556 2256 750 2320 subtilissimae
776 2256 848 2321 fores
876 2265 1049 2326 operuisse?
1077 2295 1107 2304 -

79 2327 149 2394 §38
173 2329 305 2383 alterutro
328 2330 392 2396 W)
400 2326 477 2391 ‹1²op.
515 2328 698 2395 alterutroque
721 2329 800 2395 (quae
822 2327 866 2396 r1)
889 2347 918 2394 r,
944 2333 1010 2387 nisi
1030 2335 1108 2404 'q'nod

77 2397 800 2537 {emittentiumstetisses
814 2398 1109 2540 {illiberim

78 2558 129 2611 per
143 2558 172 2595 se
187 2542 244 2594 veri
258 2545 301 2595 est
315 2540 441 2594 similius.
471 2539 571 2608 quodsi
586 2540 708 2609 genuine
722 2543 766 2593 est
780 2543 901 2610 egetque
916 2548 1108 2616 correctione¹

77 2611 171 2666 facilis
190 2616 219 2665 et
237 2614 274 2666 ed
292 2627 351 2665 rem
366 2614 433 2681 epte
448 2611 582 2664 correctio
596 2614 713 2678 paretur
726 2610 788 2664 loco
803 2611 841 2664 XI
851 2616 903 2664 223
919 2615 1109 2682 (profluvium

78 2684 225 2754 sanguinis
244 2685 285 2753 fit)
306 2685 370 2737 aliis
388 2698 456 2737 uum
470 2685 603 2737 alterutra
617 2683 657 2736 oei
671 2689 794 2750 utruque,
813 2683 863 2736 ubi
878 2684 959 2739 solus
979 2691 1109 2744 codex!

78 2771 174 2808 verum
193 2755 324 2819 servavit,
347 2771 410 2807 oum
428 2753 531 2820 reliqui
549 2767 643 2806 omnes
663 2752 886 2823 haplogrephiee
906 2770 1006 2812 errore
1018 2768 1110 2829 'prse-

77 2825 164 2879 beant
196 2829 387 2894 alterutroque.
443 2824 621 2878 scribendum
652 2824 741 2893 igitur
772 2831 867 2879 mortu
900 2828 1111 2905 ultimumvel

77 2897 213 2969 utro>quo
237 2914 274 2951 so.
302 2896 441 2949 matutino
469 2898 498 2949 et
522 2894 687 2962 vespertino.
729 2895 778 2950 sed
802 2896 951 2963 quaeritur
976 2905 1111 2969 possitne

77 2971 260 3037 alterutroque
280 2970 323 3037 (=
342 2970 472 3033 utroque)
492 2966 567 3034 opud
585 2966 709 3019 Plinium
728 2967 850 3036 agnosci,
870 2970 1013 3035 quonlam
1035 2993 1110 3029 unus

78 3043 172 3093 exstet
190 3038 267 3093 loous
286 3038 337 3092 XX
351 3037 401 3102 64,
423 3038 453 3090 in
472 3054 527 3104 quo
546 3036 680 3091 librorum
694 3043 830 3091 consensu
847 3038 959 3096 editur:
980 3061 1035 3099 meo
1046 3049 1111 3102 ‘ulla

76 3128 120 3166 ms
143 3112 174 3163 iu
196 3112 264 3166 oibis
286 3111 374 3180 muyis
393 3112 488 3178 (quem
506 3109 627 3176 leotuoe)
647 3110 807 3163 auiditatem
825 3110 924 3164 iuuitut
945 3114 1111 3188 inhibetque

77 3184 178 3237 eudem.
220 3183 256 3235 iu
282 3198 386 3235 sousa
411 3182 644 3248 alterutraque
670 3181 785 3234 modus
807 3185 865 3234 est:
893 3183 934 3234 sio
960 3192 988 3239 et
1012 3189 1111 3243 uiuum

74 3255 239 3322 >copiosiores
257 3256 373 3318 soluuui,
392 3252 512 3305 modicae
530 3253 637 3304 sistunt.
675 3251 705 3304 in
723 3251 767 3303 his
786 3268 821 3304 ne
840 3252 942 3322 iunges
964 3258 998 3309 'iu
1019 3277 1111 3316 curma

77 3327 275 3392 alterutroque,
304 3323 398 3376 obstet
420 3322 496 3391 quod
520 3321 624 3375 locutio
648 3324 680 3375 iu
702 3339 788 3376 ouum
811 3339 864 3377 esse
887 3324 945 3378 nisi
971 3328 1110 3386 absoluto

9 3434 12 3439 -
63 3396 134 3449 'non
153 3395 279 3463 ponitur:
294 3394 320 3447 II
336 3398 385 3447 192
405 3401 496 3448 oemtos
514 3395 545 3445 iu
559 3410 643 3447 causa
658 3411 711 3447 esse
724 3410 781 3448 mou
795 3395 909 3448 dubium
925 3414 999 3464 reor,
1021 3402 1065 3456 IX
1077 3409 1110 3456 94

78 3469 135 3522 uisi
153 3468 223 3533 forte
243 3510 247 3520 .
264 3509 270 3520 .
287 3509 292 3519 .
311 3468 434 3520 liumuuu
451 3466 596 3518 columitas
613 3466 645 3517 iu
663 3478 747 3518 eousu
766 3471 816 3530 est,
839 3464 930 3518 XVIII
946 3473 1001 3523 290
1017 3474 1108 3529 alter.

75 3545 171 3595 utrum
193 3539 300 3608 quidem
318 3538 376 3604 fore
394 3537 425 3589 iu
443 3553 528 3590 causa
548 3578 553 3587 .
570 3577 575 3587 .
592 3577 598 3588 .
618 3552 675 3589 mou
692 3537 744 3590 erit
757 3537 879 3590 dubium.
912 3556 1008 3605 quere
1023 3549 1108 3601 alter-

70 3615 224 3684 utrimque,
252 3611 332 3685 quod
355 3611 430 3666 teste
449 3609 517 3664 Dul.
533 3606 640 3660 lustin
654 3606 849 3674 usnemun
866 3610 909 3662 est
929 3610 968 3664 ab
987 3612 1108 3672 Hnndio
