2408 3848
111 181 154 246 32
461 176 489 233 C.
508 176 607 231 PLINI
625 175 782 232 SECVNDI
1019 188 1129 240 [nnn-

110 350 161 427 qui
185 347 309 427 gallinas
335 346 444 406 farcire
468 347 552 405 instit
573 378 586 389 ·
640 346 829 405 terrestrium
868 347 1002 406 omnium
1039 365 1129 425 gene·

109 439 198 515 erint,
216 439 327 516 quique
341 436 397 495 hoe
411 437 502 514 primi
516 452 585 495 999·
641 435 716 494 19119
741 437 867 506 (89-87)

109 530 190 587 sales
213 529 361 585 vetuerint
386 528 440 596 (71)
664 541 738 602 9999
754 525 793 583 sit
808 523 978 583 animalium
992 526 1024 586 iu
1033 527 1130 587 uteris

110 617 176 693 quis
200 617 315 694 primus
339 615 448 673 aviaria
467 614 586 672 institu·
662 614 771 691 positio
795 615 871 683 (84)

83 706 176 766 serit.
600 722 626 762 ao
663 719 789 780 quorum
801 701 973 762 animalium
984 705 1069 782 origo
1080 703 1128 764 ad-

133 792 168 853 de
191 792 300 871 Aesopi
322 793 422 871 patina
445 795 501 862 (79)
663 789 721 850 1199
745 791 860 850 ineerta
884 793 923 851 sit
947 796 1003 863 (89)

109 883 260 960 generatio
284 883 382 942 avium
406 883 532 952 (79-89)
665 878 700 939 de
725 878 919 940 salamandris
943 884 998 951 (86)

132 989 207 1051 quae
226 977 345 1049 praeter
368 987 436 1029 aves
455 987 508 1028 ova
525 970 586 1046 gig·
664 986 740 1047 quae
754 975 916 1029 nascantur
930 974 1128 1050 999993991-

131 1067 203 1120 9991
222 1063 277 1131 (79)
664 1059 712 1117 tis
736 1075 812 1136 quae
827 1064 894 1118 nata
909 1057 983 1118 nihii
999 1061 1129 1138 gignant.

71 1171 96 1211 10
132 1150 589 1226 ovorumgeneraetnaturaetiti
604 1167 630 1207 99
664 1145 1129 1225 1999119999919199199911(87)

132 1240 202 1298 vitia
231 1245 259 1298 et
287 1236 419 1296 remedia
443 1234 585 1295 incuban·
641 1234 676 1295 de
685 1235 823 1295 sensibus
831 1235 1129 1311 animalium(88-90)

83 1351 86 1357 >
133 1329 208 1387 tium
228 1330 282 1398 (79)
662 1332 758 1385 tactus
782 1324 920 1386 omnibus
945 1345 1021 1388 esse.
1057 1329 1129 1389 item

133 1416 280 1494 Augustae
301 1433 336 1474 ex
352 1415 415 1473 ovis
429 1415 588 1491 augurium
665 1421 808 1492 gustatus.
825 1414 934 1493 quibus
948 1417 1031 1477 visus
1044 1436 1129 1496 prae·

133 1509 188 1577 (99)
665 1503 1130 1586 eipuus,quibusod0ratus,qui·

70 1615 96 1657 19
133 1593 235 1673 quales
250 1591 375 1671 gallinae
388 1593 516 1671 optimae
532 1595 587 1663 (77)
601 1613 628 1652 19
664 1592 721 1653 bus
744 1592 871 1652 auditus.
903 1592 939 1652 de
962 1593 1061 1675 talpis.
1093 1613 1129 1657 an

133 1682 230 1743 morbi
240 1688 378 1742 99999191
390 1680 521 1740 remedia
532 1685 586 1752 (78)
664 1683 772 1742 ostreis
796 1680 914 1742 auditus
939 1686 995 1754 (88)

133 1770 318 1832 ardeolarum
343 1787 451 1848 genera
475 1773 530 1841 (79)
664 1772 716 1849 qui
744 1789 779 1830 ex
802 1770 936 1849 piscibus
965 1772 1129 1834 clarissime

134 1879 208 1940 quae
233 1862 293 1919 sint
317 1861 488 1936 97999199,
512 1877 587 1936 quae
664 1859 785 1920 audiant
808 1864 862 1931 (89)

134 1967 288 2028 cynosura,
309 1965 384 2026 quae
403 1948 587 2027 hypenemia.
665 1951 715 2028 qui
758 1968 794 2009 en
830 1948 964 2028 piscibus
1001 1951 1129 2011 maxime

70 2061 97 2101 9ο
134 2058 192 2118 999
219 2037 305 2098 modo
334 2038 444 2115 optime
471 2054 590 2097 serven·
605 2058 630 2098 n
668 2037 831 2098 odorentur
853 2041 908 2110 (99)

133 2136 183 2188 191
205 2146 257 2186 ova
282 2131 337 2198 (89)
644 2126 801 2187 diversitas
816 2127 986 2187 animalium
1003 2129 1033 2187 iu
1043 2135 1130 2207 pastu

113 2235 187 2295 quae
206 2215 359 2275 voluerum
375 2214 436 2274 9919
451 2214 589 2274 animalia
644 2220 769 2287 (91-99)

112 2308 208 2384 991191
232 2305 354 2364 9119919
378 2306 492 2364 9911191
515 2307 569 2375 (81)
666 2322 741 2382 quae
764 2306 888 2365 venenis
910 2307 1023 2385 vivant,
1048 2310 1103 2378 (92)

113 2413 188 2473 quae
200 2395 390 2454 terrestrium
401 2394 587 2470 9799911991.
666 2412 741 2472 quae
763 2401 853 2454 terra.
883 2412 958 2472 quae
977 2393 1056 2454 same
1079 2402 1129 2456 aut.

71 2505 96 2545 99
112 2485 296 2562 serpentium
320 2483 472 2560 generatio
497 2485 551 2552 (89)
602 2503 628 2544 99
665 2485 716 2543 siti
739 2501 798 2543 non
822 2485 973 2543 intereant
996 2487 1052 2556 (99)

185 2642 199 2689 1
224 2636 272 2704 qui
296 2635 369 2690 list.
394 2634 456 2703 quis
476 2653 491 2690 9
508 2639 511 2702 1
528 2635 703 2689 instituerint
720 2636 925 2691 J²cottX13a
949 2636 1037 2690 -uerit
1060 2643 1129 2692 ssa.

111 2708 168 2760 -uit
187 2708 207 2760 11
299 2713 314 2759 9
338 2722 392 2774 que
411 2707 464 2759 hoe
483 2706 617 2760 anans
635 2707 639 2776 i
660 2707 787 2760 99999199
808 2708 903 2775 (11)]1.
924 2709 1128 2764 99999999119.

111 2778 354 2833 unetsinelaeitJ'
426 2784 441 2830 3
459 2780 558 2831 uetuei
572 2783 623 2831 Ra.
639 2781 746 2831 —runtr
818 2786 834 2831 4
850 2779 899 2846 qui
913 2784 934 2831 B
947 2779 950 2849 i
963 2778 1130 2832 instituitr‘

185 2855 217 2902 17
234 2849 405 2903 ardiolarum
415 2865 518 2920 genera
527 2854 556 2901 Ε.
568 2855 633 2917 post
642 2854 675 2902 19
685 2849 856 2918 hypenemia
861 2865 954 2917 9999
1027 2851 1130 2905 189191

111 2937 167 2975 999
185 2921 268 2974 urina
286 2936 359 2988 quae
378 2925 464 2975 om.
484 2938 531 2972 ur·
550 2936 622 2988 quae
641 2921 720 2975 om.S
809 2926 842 2974 19
862 2920 1015 2988 quinosure
1033 2927 1129 2975 ΜΕ.

113 2992 220 3061 quino·
239 3011 263 3044 e.
283 2998 381 3047 999719
476 2997 509 3044 21
531 3008 585 3045 999
604 2997 709 3046 omli!
801 2997 833 3045 25
857 3007 962 3062 genera
981 2993 1063 3048 (ΠΗ

113 3069 147 3118 28
166 3064 223 3117 sint
241 3068 311 3116 1199
420 3067 453 3116 99
473 3062 565 3131 posito
585 3069 626 3116 Ρ.
651 3065 694 3116 -ta
712 3062 848 3117 auena
869 3066 998 3132 porrecta
1018 3069 1059 3116 91·

112 3141 146 3188 33
166 3137 318 3189 nascantur
337 3136 421 3188 dTH.
441 3137 566 3186 -seentur
584 3140 674 3187 Νι.
693 3136 857 3187 -seunturl
930 3139 964 3186 34
983 3135 1086 3206 gignat
1098 3141 1131 3188 F*

185 3212 217 3259 35
242 3206 314 3258 in-
326 3205 364 3259 sit
382 3223 455 3260 9999
568 3212 600 3258 37
624 3205 885 3259 taetus-auditus
905 3222 983 3260 9999
1008 3209 1012 3276 Ι
1037 3208 1131 3261 taetus

112 3280 201 3346 (tuus
216 3279 254 3331 D.
273 3279 347 3330 -tum
361 3278 625 3346 Bruti-gustatus
645 3279 733 3346 (1999
743 3278 781 3330 D.
802 3277 1130 3347 taratarantium.

112 3351 172 3419 (D).
192 3349 294 3416 quibus
312 3349 406 3402 taetus
424 3348 601 3416 praecipuus,
621 3348 730 3416 quibus,
738 3350 867 3417 gustatus
882 3349 955 3402 (HJ.
971 3350 1064 3404 om.H

114 3424 148 3472 38
167 3420 336 3488 praecipuus
355 3419 481 3473 ennssJ
591 3425 634 3473 40.
653 3425 686 3472 41
708 3436 724 3472 a
743 3420 800 3473 nris
819 3424 868 3471 RE
983 3425 1018 3473 42
1037 3420 1131 3490 qui-

113 3491 233 3544 9991991
257 3495 334 3545 omn
351 3494 355 3559 i
372 3506 444 3558 quae
462 3490 499 3542 12¹
521 3490 592 3559 (item
603 3492 691 3560 infra)
777 3495 811 3543 48
830 3490 946 3544 uenenis
966 3495 1131 3547 seruante.

112 3578 163 3615 -99
183 3561 235 3631 (-ni
254 3562 298 3632 El)
318 3563 491 3629 superantii
