2408 3848
382 153 612 210 CONSPEGTVS
632 152 793 208 CODICVM
1058 153 1097 206 IX

221 314 320 383 primis
336 315 568 384 quaternionibus
583 314 738 383 deperditis
752 313 878 367 continet
891 313 1098 368 mer-Nor.

224 387 338 440 ro-VI
352 391 413 440 220.
445 387 621 441 correctus
643 388 686 439 cst
704 385 739 438 ab
760 384 872 439 altera
889 401 990 438 manu
1009 384 1064 454 (12²)
1084 402 1099 439 e

223 458 319 512 codice
342 459 452 513 vetusto
473 459 503 511 in
520 456 622 511 ultimo
642 457 753 510 demum
772 455 838 510 libri
852 455 892 510 VI
909 455 977 510 folio
996 456 1063 510 inde
1082 474 1100 510 a

222 535 287 595 2113
320 545 393 598 quae
426 530 512 583 tertia
538 545 639 582 manus
667 527 773 583 saeculi
800 526 865 580 XVI
893 527 1003 596 aquuot
1029 527 1099 582 locis

222 601 343 654 correxit
365 601 508 654 mentione
531 617 587 653 non
611 600 698 668 digna
722 601 795 651 sunt.
832 601 898 667 post
915 597 1026 664 Ianum,
1050 599 1099 667 qui

222 687 256 724 ex
278 671 350 725 libro
365 672 390 725 V
405 677 522 737 §1-34
541 673 570 726 et
588 675 739 736 §re-153
760 672 949 738 excerpserat,
974 670 1099 724 codicem

222 744 313 796 totum
327 742 447 797 contulit
456 742 608 797 Detlefsen.
619 764 652 781 -·
664 741 706 795 Ex
720 742 819 795 eodem
834 740 988 810 exemplari
1000 742 1098 795 eodem

221 813 280 866 fere
304 817 430 883 tempore
453 815 641 882 transcriptus
663 815 706 866 est
724 812 870 880 formaque
890 815 918 866 et
936 812 1037 866 habitu
1055 812 1099 865 illi

107 906 110 911 >
222 885 374 953 persimihs

181 977 192 1020 ¹:
221 957 304 1010 codex
314 957 458 1011 Leideass'e
467 957 563 1026 Lapaia‘
575 974 602 1010 a.
619 956 684 1022 VH,
698 955 939 1021 membranaceus,
953 955 1097 1024 bipartitis

220 1028 334 1096 paginis
353 1029 483 1097 scriptus.
515 1027 597 1081 initio
616 1027 735 1080 mutilus
752 1027 855 1095 incipit
874 1027 981 1080 alind
995 1026 1033 1080 XI
1044 1029 1098 1096 (77)

220 1101 315 1153 abaco
332 1105 436 1153 acturo
455 1102 483 1153 et
503 1100 629 1152 continet
647 1113 742 1151 omncs
762 1098 895 1166 deinceps
909 1096 996 1151 libros
1009 1114 1099 1166 usque

175 1181 179 1192 ’
222 1170 258 1222 ad
272 1169 403 1224 XXXVII
415 1176 464 1224 199
481 1172 604 1239 primum
618 1171 746 1240 pondere.
779 1169 824 1222 his
842 1169 941 1238 primis
956 1185 1004 1224 sex
1018 1168 1099 1222 libris

222 1241 336 1295 assidua
360 1258 426 1295 cura
450 1243 625 1296 correctus
645 1243 688 1294 est
707 1257 724 1294 a
742 1257 842 1295 manu
861 1239 972 1294 altera
991 1239 1097 1294 saeculi

221 1311 272 1364 XII
280 1312 333 1382 (ΕΣ)
348 1329 364 1366 o
379 1312 474 1366 codice
485 1313 591 1366 ordinis
599 1314 792 1379 vetustiorum,
808 1313 842 1365 de
853 1328 948 1380 quare
959 1312 1098 1380 copiosius

222 1383 280 1436 dixi
308 1384 338 1437 in
367 1385 523 1453 appendice
546 1402 573 1452 p.
596 1389 646 1437 527
658 1401 717 1452 sqq.
764 1383 828 1437 usui
852 1383 950 1436 critico
974 1383 1099 1437 codicem
1184 1426 1185 1429 ,

220 1454 295 1507 huuc
313 1455 422 1523 primus
440 1455 573 1510 adhibuit
585 1457 733 1522 totumque
748 1453 869 1508 contulit
882 1453 1035 1522 Detiefsen‚
1050 1455 1099 1521 qui

220 1529 320 1594 postea
343 1543 407 1580 eum
430 1543 463 1580 ex
486 1527 548 1595 ipso
567 1532 589 1579 1>
608 1527 781 1594 descriptum
804 1542 865 1579 esse
886 1524 940 1579 sibi
958 1526 1100 1594 persuasit

221 1598 377 1666 statuitque
396 1598 516 1651 eundem
535 1613 595 1654 esse
611 1596 821 1651 Chiffletianum
841 1597 890 1650 diu
909 1597 1099 1650 desideratum

222 1667 281 1736 (cfr.
297 1669 418 1738 append.
434 1688 460 1738 p.
477 1675 536 1722 525.
558 1671 629 1738 526).
666 1669 728 1737 ipse
751 1668 854 1722 iterum
877 1666 984 1722 contuli
1003 1671 1043 1734 et,
1066 1670 1100 1721 ut

222 1740 251 1791 in
272 1741 325 1793 tali
343 1757 374 1794 re
393 1741 521 1795 accidere
540 1739 624 1806 solet,
647 1739 783 1794 nonnulla
801 1739 906 1794 rectius
925 1739 1045 1792 enotavi.
1064 1771 1099 1779 -

221 1810 315 1864 Minus
335 1814 396 1865 arto
415 1811 526 1866 vinculo
546 1828 609 1866 oum
628 1818 649 1864 n
669 1812 797 1879 iungitur

186 1903 191 1933 :
219 1883 303 1937 codex
314 1883 498 1938 Florentiam
508 1884 721 1948 discordiosas,
735 1882 974 1948 membranaceus,
987 1881 1098 1935 saeculo

221 1952 279 2008 fere
289 1953 327 2007 XI
341 1954 416 2007 binis
430 1955 599 2024 paginarum
614 1953 749 2008 columnis
763 1953 893 2021 scriptus,
908 1952 1098 2020 compluribus

221 2024 291 2078 Iocis
304 2024 422 2079 mutilus
437 2058 470 2066 —
486 2026 654 2080 interierunt
668 2025 743 2079 enim
756 2025 844 2078 medii
858 2023 924 2077 libri
933 2023 1098 2078 XIV-XX.

221 2095 319 2149 XXIII.
339 2095 430 2149 XXIV
449 2100 478 2150 et
500 2096 617 2151 ultimus
636 2096 807 2150 XXXVII-
829 2095 949 2162 aliisque
968 2110 983 2149 e
1003 2096 1099 2148 codice

222 2167 339 2220 alterius
367 2167 493 2223 familiae
522 2167 677 2236 suppletus.
719 2168 821 2236 incipit
844 2184 861 2220 a
884 2166 1004 2234 praefat.
1030 2171 1097 2230 §27

221 2240 293 2293 illud
315 2246 354 2294 est
376 2241 447 2308 qaod
471 2242 499 2293 et
518 2239 698 2293 continuatur
715 2253 804 2307 usque
824 2239 860 2291 ad
878 2237 891 2289 I
909 2238 967 2290 ind.
982 2237 1099 2291 XXXIV

220 2311 308 2374 med,
333 2310 435 2364 deinde
458 2311 585 2364 continet
602 2310 685 2363 huius
708 2309 857 2364 voluminis
877 2309 951 2361 1126
974 2309 1049 2363 credi
1067 2325 1100 2362 cx

220 2398 274 2435 usa
299 2384 375 2436 attae
399 2414 431 2421 —
451 2381 490 2436 VI
504 2387 565 2435 220.
606 2380 758 2436 collatIone
782 2397 799 2434 a
822 2381 890 2434 Iano
915 2380 992 2433 facta
1016 2379 1098 2450 Siliig

108 2509 111 2513 ,
221 2452 251 2503 in
270 2452 395 2506 editione
413 2470 480 2507 usus
500 2455 543 2506 est
561 2468 678 2521 eamque
697 2451 887 2506 bibliothecae
906 2451 1002 2520 regiae
1016 2450 1098 2505 Dres-

221 2524 302 2576 densi
324 2525 483 2591 mandavit;
508 2541 564 2592 qua
586 2527 723 2593 perpetuo
746 2523 875 2592 inspecta
896 2538 1002 2576 errores
1021 2521 1098 2575 illius

220 2594 298 2647 haud
316 2612 421 2662 paucos
441 2595 554 2662 sustulij
579 2597 621 2649 ita
638 2597 671 2648 ut
690 2595 903 2648 adnotationem
921 2610 1025 2659 meam,
1049 2593 1098 2646 ubi

222 2681 238 2718 a
254 2665 404 2735 Silligiana
423 2667 559 2730 discedat,
578 2684 629 2735 pro
648 2682 714 2720 vera
733 2665 832 2720 haberi
845 2665 937 2720 velim.
967 2680 1097 2718 correc-

221 2736 334 2790 tiones
368 2740 475 2804 autem,
509 2754 581 2806 quae
612 2738 719 2806 passim
746 2736 927 2790 inveniuntur
956 2753 972 2789 a
998 2751 1098 2789 manu

222 2808 346 2873 altera,
371 2808 512 2862 interdum
537 2809 623 2863 etiam
645 2809 766 2876 tertia,
793 2808 895 2862 autin
919 2807 1011 2875 spatio
1034 2823 1097 2860 raso

223 2880 273 2932 aut
299 2879 402 2934 litteris
429 2880 547 2933 detortis
572 2880 670 2933 aliisve
694 2879 891 2949 superscriptis
914 2879 1020 2943 factae,
1048 2877 1097 2929 Ian

221 2966 284 3004 raro
308 2951 350 3004 ita
372 2951 522 3017 indicavit,
545 2953 579 3005 ut
600 2952 691 3004 utrius
714 2968 814 3004 manus
838 2952 896 3004 sint
914 2950 1096 3003 discernatur.

221 3020 251 3073 in
269 3020 398 3090 plurimis
415 3021 530 3090 quidem
544 3023 665 3091 vestigia
680 3025 818 3091 apparent
833 3020 938 3076 codicis
953 3036 986 3073 ex
1001 3019 1098 3073 ordine

221 3094 405 3215 vctpstiorum
425 3093 494 3164 (κ’),
519 3095 567 3147 sed
592 3093 665 3147 aliae
689 3094 811 3162 speciem
835 3093 1012 3147 coniecturae
1030 3107 1098 3159 prae

222 3179 251 3216 se
283 3167 371 3218 amnt.

352 3347 375 3394 2.
396 3340 550 3397 Alterius
569 3341 727 3395 familiae
747 3343 824 3394 sunt

191 3470 197 3500 ι
224 3449 307 3502 codec
335 3450 486 3504 Parianus
513 3450 636 3503 Lotiaas
665 3453 735 3503 6795
770 3447 890 3516 (Silligio
922 3450 951 3500 et
977 3446 1044 3499 Iano
1073 3465 1097 3509 a,

221 3517 367 3574 Harduino
387 3521 491 3590 Raptus
505 3522 550 3590 Ι),
573 3520 815 3584 membranaceus,
841 3517 953 3571 saecuto
966 3517 1011 3570 XI
1023 3515 1109 3567 binis

221 3591 389 3660 paginarum
409 3590 546 3645 columnis
562 3591 693 3663 scriptus,
711 3591 744 3646 in
756 3591 862 3663 primis
876 3584 1128 3660 quaternionem
