2408 3848
78 262 203 312 urana]
337 250 420 304 NAT.
439 250 529 306 HIST.
550 251 588 304 VI
607 257 649 306 19.
669 256 703 305 20
722 253 776 320 (22.
796 256 840 321 23)
1031 252 1095 314 461

80 427 125 480 est
149 419 376 480 celeberrimum
396 419 496 479 Indiae
520 420 695 498 emporium,
718 401 829 513 Q
847 417 884 478 ad
907 418 1048 497 oppidum
1066 420 1098 478 in

79 524 176 585 insula
199 543 286 604 quam
311 543 401 604 supra
425 525 553 586 diximus
576 525 706 586 Patalam
729 525 839 585 DCXX.

169 612 278 674 Gentes
320 621 475 674 montanae
517 617 596 675 inter
637 633 706 675 eum
748 624 776 675 et
817 615 966 675 iomanem
1005 614 1099 693 Caesi,
1119 625 1151 675 73

80 701 250 763 Caetriboni
264 702 424 781 silvestres,
440 702 508 763 dein
518 701 667 782 Megallae,
682 722 809 782 quorum
824 703 923 781 regill
939 701 1097 782 elephanti,

53 791 212 869 apeditum
228 794 420 870 equitumque
434 810 578 853 numerus
592 795 733 871 incertus,
753 792 884 872 Chrysei,
903 792 1096 870 Parasangae,

80 900 210 976 Asmagi,
239 900 309 976 tigri
338 899 400 958 iera
428 907 589 979 scatentes,
618 907 733 960 armant
760 899 893 978 peditum
917 881 1010 975 XXX,
1039 898 1097 959 ele-

80 987 205 1065 phantos
229 986 307 1066 CCC,
331 990 447 1066 equites
470 987 573 1048 DCCC.
615 988 669 1048 hos
688 987 779 1049 lndus
802 987 929 1048 includit
951 989 1098 1047 montium

80 1112 188 1153 corona
219 1093 418 1154 circumdatos
447 1101 476 1154 et
504 1093 722 1156 solitudinibus,
772 1076 900 1156 [Ml—W
925 1094 1002 1154 inira
1030 1093 1098 1152 soli-

81 1199 200 1260 tudines
219 1199 297 1279 bari,
321 1201 423 1279 Surae,
447 1203 615 1280 iterumque
640 1200 815 1262 solitudines
838 1220 894 1281 per
912 1199 1098 1279 CLXXXVII,

40 1311 66 1352 ro
81 1289 256 1367 plerumque
292 1290 413 1350 harenis
451 1289 650 1350 ambientibus
687 1291 757 1350 haut
794 1291 850 1351 alio
887 1289 974 1351 modo
1010 1308 1098 1368 quarn

80 1377 193 1438 insulas
225 1381 308 1438 mari.
360 1379 436 1439 infra
470 1378 586 1439 deserta
619 1380 692 1439 haec
722 1379 948 1457 Malthaecorae,
982 1378 1099 1458 Singae,
1119 1389 1152 1438 74

81 1466 209 1544 Maroae,
242 1466 410 1546 Rarungae,
444 1467 569 1529 Moruni.
620 1468 652 1527 hi
684 1471 841 1546 montium,
875 1471 927 1547 qui
954 1474 1099 1546 perpetuo

81 1562 176 1615 tractu
210 1558 314 1616 oceani
342 1561 373 1617 in
402 1576 452 1616 ora
480 1560 646 1636 pertinent,
678 1557 792 1617 incolae
821 1557 909 1618 liberi
938 1565 967 1618 et
995 1575 1098 1636 regum

82 1653 218 1722 expertes
243 1645 344 1705 multis
362 1645 488 1706 urbibus
511 1653 666 1707 montanos
690 1649 827 1725 optinent
845 1646 943 1706 colles.
985 1645 1099 1706 Nareae

41 1757 66 1797 rs
82 1732 197 1812 deinde,
222 1752 296 1812 quos
320 1734 430 1795 claudit
453 1754 539 1795 mons
563 1735 726 1796 altissimus
749 1736 918 1796 Indicorum
944 1735 1098 1816 Capitalia,

81 1822 170 1882 huius
207 1823 320 1883 incolae
358 1824 415 1883 alio
452 1824 544 1884 latere
583 1825 640 1885 late
673 1827 738 1885 auri
772 1833 802 1885 et
834 1827 949 1902 argenti
981 1823 1099 1885 metalla

82 1911 204 1972 fodiunt.
247 1911 283 1972 ab
307 1912 353 1972 his
375 1912 491 1991 Oratae,
515 1932 641 1992 quorum
666 1916 729 1993 regi
753 1913 901 1992 elephanti
925 1912 1046 1992 quidem
1064 1911 1098 1991 X,
1119 1928 1151 1977 ‘15

82 2000 134 2061 sed
167 2001 279 2079 amplae
311 2003 391 2062 vires
424 2001 571 2081 peditum,
606 2002 823 2064 Suarattaratae
850 2036 895 2044 —
923 2010 952 2062 et
983 2002 1015 2062 hi
1043 2000 1098 2062 sub

82 2108 151 2166 rege
189 2089 360 2168 elephantos
393 2110 451 2151 non
485 2091 567 2152 alunt
599 2092 706 2153 fiducia
741 2094 874 2170 equitum
906 2090 1099 2170 peditumque

40 2202 67 2242 ao
82 2213 124 2220 —
143 2177 363 2257 Odonbaeorae,
388 2177 577 2241 Sarabastrae
601 2181 734 2241 Thorace
757 2180 832 2241 urbe
855 2179 987 2259 pulchra,
1011 2180 1099 2240 fossis

152 2339 227 2398 §742
248 2335 373 2402 (ta-14)
394 2333 448 2385 Sol.
469 2340 510 2399 52,
529 2340 568 2388 15.
597 2333 693 2403 MCap.
709 2335 747 2388 VI
766 2333 889 2387 serinia.

154 2480 167 2527 1
189 2474 365 2528 celerrimum
379 2481 452 2528 ΜΕ
469 2478 473 2544 Ι
489 2475 518 2527 in
534 2482 611 2529 omli
684 2483 699 2528 2
719 2475 844 2545 patalam
862 2476 942 2529 wo.
967 2477 1042 2544 apat·
1057 2476 1077 2527 ll
1094 2476 1096 2545 j

81 2544 157 2598 DXX
176 2551 200 2597 R
279 2552 331 2599 3.4
350 2547 407 2599 cesi
427 2546 564 2600 cetriboni
583 2549 735 2602 Baooa.D
815 2553 830 2600 5
850 2547 977 2615 equitum
995 2553 1046 2599 Ea.
1071 2550 1100 2599 et

82 2633 152 2685 eq-o
218 2622 232 2669 6
247 2617 379 2688 armagiti
389 2623 419 2670 B.
435 2633 557 2686 asangae
567 2619 642 2673 nmS
653 2620 655 2689 l
668 2618 831 2687 elephantes
841 2624 897 2671 PB.
908 2617 1098 2689 cfr.§67eaetr.

153 2711 169 2758 8
188 2707 286 2760 dial)
308 2710 311 2774 Ι
331 2723 382 2775 per
400 2705 523 2760 DCXXV
544 2708 653 2775 dr(?)0
732 2712 747 2758 9
768 2705 952 2761 CLXXXVIII
970 2706 1030 2760 ⁸³0

83 2782 116 2829 10
131 2779 181 2830 aut
192 2783 289 2830 DFEa
353 2784 385 2831 11
401 2777 607 2831 malthaeeorae
619 2777 688 2832 ΙΨ.
709 2778 825 2832 maltae-
835 2779 899 2831 ΕΙ).
919 2777 1037 2832 maithe-
1047 2785 1098 2831 Da.

82 2849 188 2901 matha·
200 2854 231 2901 R.
251 2849 350 2902 malte-
365 2856 402 2904 do
467 2854 498 2902 12
514 2864 626 2902 marcae
640 2848 711 2903 W.
731 2866 775 2903 -oe
785 2855 815 2902 R.
836 2849 918 2903 -ohae
934 2855 978 2904 dc.
998 2854 1059 2903 -rr're
1074 2868 1097 2902 a.

82 2936 193 2973 moroae
207 2922 291 2974 nul)
308 2923 311 2989 Ι
328 2936 466 2990 rarungae
487 2926 530 2974 do.
555 2925 622 2990 -r'rge
636 2921 663 2975 ll.
686 2937 799 2990 -umgae
813 2923 843 2975 D
859 2921 863 2991 l
879 2920 989 2974 mor-uni
1003 2922 1039 2975 H
1040 2923 1098 2990 (D).

83 3009 155 3044 -rum
175 2992 202 3046 ll.
232 2993 341 3045 -runtes
360 3010 382 3046 o.
412 2993 519 3045 -rorrtes
539 2992 586 3046 dS.
615 2992 678 3045 odd.
694 3008 827 3061 masugae
845 3008 955 3061 peugae
974 2992 1031 3044 iam
1050 2998 1098 3045 d'r.

82 3077 196 3115 masuae
218 3079 367 3132 pagungae
386 3062 448 3116 ialii
467 3063 534 3131 (iam
554 3063 590 3128 G)
610 3064 698 3117 oa.H
767 3069 799 3115 13
819 3063 918 3117 oceani
935 3063 965 3115 in
984 3079 1038 3132 epo.
1063 3064 1099 3116 ad

83 3133 180 3188 oceani
200 3135 358 3203 ur(U122)
368 3136 396 3189 J.
421 3134 518 3188 oceani
537 3151 552 3187 o
569 3136 573 3202 Ι
590 3150 655 3188 orae
673 3134 733 3203 B(?)
740 3135 844 3203 (Solia.)
852 3136 891 3187 H.
915 3150 992 3187 oram
1011 3134 1097 3205 o(J)l

81 3205 225 3274 pertinent
243 3206 270 3259 ll.
278 3206 304 3260 S.
330 3205 470 3274 praetenti
490 3206 643 3274 (Salutffl.
668 3205 800 3260 tenente
880 3211 913 3258 14
932 3220 1051 3259 peraeae
1069 3211 1098 3257 E.

82 3291 175 3329 maree
189 3295 206 3328 a
275 3282 307 3329 17
323 3279 400 3330 ortae
415 3296 438 3329 a.
460 3279 538 3330 orate
551 3282 582 3330 B.
601 3279 694 3330 -turae
708 3277 783 3331 ca.S
849 3281 882 3330 18
897 3279 1099 3330 suarattaratae

82 3353 182 3400 Edita.
198 3350 430 3403 -ratarataeMS
446 3346 1098 3418 (nataralia-19peditummonantulam).

82 3421 235 3472 -ratcarate
258 3425 285 3471 Τ.
314 3421 461 3473 uaretatae
483 3437 499 3473 o
522 3421 525 3487 Ι
550 3421 578 3472 et
600 3419 631 3472 hi
649 3420 700 3474 ΤΒ.
730 3421 759 3472 et
782 3423 825 3487 (ex
847 3421 873 3488 a)
897 3419 941 3472 hia
961 3420 987 3473 ll.
1017 3419 1066 3486 qui
1083 3437 1100 3472 o

156 3494 189 3542 19
214 3489 294 3542 aiunt
316 3496 364 3542 DE
456 3496 489 3543 20
513 3489 705 3543 odonbaeorae
728 3496 809 3542 m.
839 3506 911 3543 -raes
931 3491 968 3545 D.
996 3506 1052 3543 -res
1071 3493 1098 3546 J.

83 3560 177 3615 -beore
192 3566 243 3615 Ba.
264 3577 319 3614 -res
335 3563 361 3617 S.
382 3561 567 3616 odomboerae
581 3579 598 3616 a
613 3563 617 3630 Ι
634 3562 794 3615 arabastrae
804 3562 831 3616 S.
851 3560 949 3616 sala-o
965 3565 968 3631 Ι
984 3562 1099 3615 thorace

83 3632 224 3685 bauai).
248 3649 309 3686 -cae
329 3639 356 3686 F.
381 3633 498 3687 horacae
518 3633 544 3688 S.
569 3635 645 3686 -atae
664 3649 679 3686 e
