<?xml version="1.0" encoding="UTF-8"?>
<!DOCTYPE html PUBLIC "-//W3C//DTD XHTML 1.0 Transitional//EN"
    "http://www.w3.org/TR/xhtml1/DTD/xhtml1-transitional.dtd">
<html xmlns="http://www.w3.org/1999/xhtml" xml:lang="en" lang="en">
 <head>
  <title>
</title>
<meta http-equiv="Content-Type" content="text/html;charset=utf-8" />
  <meta name='ocr-system' content='tesseract 3.04.00' />
  <meta name='ocr-capabilities' content='ocr_page ocr_carea ocr_par ocr_line ocrx_word'/>
</head>
<body>
  <div class='ocr_page' id='page_1' title='image "./cplinisecundina00jangoog_0164.png"; bbox 0 0 2408 3848; ppageno 0'>
   <div class='ocr_carea' id='block_1_1' title="bbox 108 159 1123 233">
    <p class='ocr_par' dir='ltr' id='par_1_1' title="bbox 108 159 1123 233">
     <span class='ocr_line' id='line_1_1' title="bbox 108 159 1123 233; baseline 0.017 -22"><span class='ocrx_word' id='word_1_1' title='bbox 108 168 209 221; x_wconf 68' lang='lat' dir='ltr'>reas]</span> <span class='ocrx_word' id='word_1_2' title='bbox 390 159 475 215; x_wconf 80' lang='grc' dir='ltr'><strong>ΝΔΤ.</strong></span> <span class='ocrx_word' id='word_1_3' title='bbox 493 159 585 215; x_wconf 77' lang='lat' dir='ltr'>Hiar.</span> <span class='ocrx_word' id='word_1_4' title='bbox 603 160 630 214; x_wconf 92' lang='lat'>11</span> <span class='ocrx_word' id='word_1_5' title='bbox 648 166 734 216; x_wconf 82' lang='lat'>9-11</span> <span class='ocrx_word' id='word_1_6' title='bbox 755 164 845 233; x_wconf 83' lang='grc'>(6-8)</span> <span class='ocrx_word' id='word_1_7' title='bbox 1063 164 1123 227; x_wconf 91' lang='grc'>141</span> 
     </span>
    </p>
   </div>
   <div class='ocr_carea' id='block_1_2' title="bbox 109 327 1180 590">
    <p class='ocr_par' dir='ltr' id='par_1_2' title="bbox 109 327 1180 590">
     <span class='ocr_line' id='line_1_2' title="bbox 109 327 1128 407; baseline 0.003 -19"><span class='ocrx_word' id='word_1_8' title='bbox 109 346 175 388; x_wconf 86' lang='lat' dir='ltr'>rem</span> <span class='ocrx_word' id='word_1_9' title='bbox 207 329 240 388; x_wconf 90' lang='lat' dir='ltr'>in</span> <span class='ocrx_word' id='word_1_10' title='bbox 271 334 332 388; x_wconf 87' lang='lat' dir='ltr'>tota</span> <span class='ocrx_word' id='word_1_11' title='bbox 364 327 610 407; x_wconf 81' lang='lat' dir='ltr'><strong>contemplatione</strong></span> <span class='ocrx_word' id='word_1_12' title='bbox 643 338 766 390; x_wconf 91' lang='lat' dir='ltr'>naturae</span> <span class='ocrx_word' id='word_1_13' title='bbox 798 332 927 390; x_wconf 81' lang='lat' dir='ltr'>maxime</span> <span class='ocrx_word' id='word_1_14' title='bbox 958 332 1065 390; x_wconf 92' lang='lat' dir='ltr'>miram</span> <span class='ocrx_word' id='word_1_15' title='bbox 1097 339 1128 391; x_wconf 90' lang='lat' dir='ltr'>et</span> 
     </span>
     <span class='ocr_line' id='line_1_3' title="bbox 109 416 1127 497; baseline 0.003 -20"><span class='ocrx_word' id='word_1_16' title='bbox 109 424 228 477; x_wconf 87' lang='lat' dir='ltr'>ostento</span> <span class='ocrx_word' id='word_1_17' title='bbox 241 417 378 496; x_wconf 79' lang='lat' dir='ltr'>similem,</span> <span class='ocrx_word' id='word_1_18' title='bbox 397 416 634 495; x_wconf 80' lang='lat' dir='ltr'><strong>magnitudinum</strong></span> <span class='ocrx_word' id='word_1_19' title='bbox 647 417 830 497; x_wconf 80' lang='lat' dir='ltr'>umbraeque</span> <span class='ocrx_word' id='word_1_20' title='bbox 844 418 959 481; x_wconf 92' lang='lat' dir='ltr'>indices</span> <span class='ocrx_word' id='word_1_21' title='bbox 973 422 1127 480; x_wconf 81' lang='lat' dir='ltr'>exsistere.</span> 
     </span>
     <span class='ocr_line' id='line_1_4' title="bbox 109 499 1180 590; baseline 0.005 -25"><span class='ocrx_word' id='word_1_22' title='bbox 109 499 162 590; x_wconf 78' lang='lat' dir='ltr'>(i)</span> <span class='ocrx_word' id='word_1_23' title='bbox 182 507 293 585; x_wconf 88' lang='lat' dir='ltr'>quippe</span> <span class='ocrx_word' id='word_1_24' title='bbox 312 506 501 566; x_wconf 86' lang='lat' dir='ltr'>manifestum</span> <span class='ocrx_word' id='word_1_25' title='bbox 520 514 566 567; x_wconf 91' lang='lat' dir='ltr'>est</span> <span class='ocrx_word' id='word_1_26' title='bbox 584 507 677 568; x_wconf 94' lang='lat' dir='ltr'>solem</span> <span class='ocrx_word' id='word_1_27' title='bbox 696 509 867 568; x_wconf 90' lang='lat' dir='ltr'>interventu</span> <span class='ocrx_word' id='word_1_28' title='bbox 881 508 968 569; x_wconf 87' lang='lat' dir='ltr'>lunae</span> <span class='ocrx_word' id='word_1_29' title='bbox 983 508 1127 568; x_wconf 87' lang='lat' dir='ltr'>occultari</span> <span class='ocrx_word' id='word_1_30' title='bbox 1146 521 1180 570; x_wconf 78' lang='grc'>47</span> 
     </span>
    </p>
   </div>
   <div class='ocr_carea' id='block_1_3' title="bbox 70 594 1181 2544">
    <p class='ocr_par' dir='ltr' id='par_1_3' title="bbox 71 594 1180 2098">
     <span class='ocr_line' id='line_1_5' title="bbox 108 594 1126 674; baseline 0 -18"><span class='ocrx_word' id='word_1_31' title='bbox 108 595 270 674; x_wconf 90' lang='lat' dir='ltr'>lunamque</span> <span class='ocrx_word' id='word_1_32' title='bbox 307 602 405 655; x_wconf 89' lang='lat' dir='ltr'>terrae</span> <span class='ocrx_word' id='word_1_33' title='bbox 436 594 555 655; x_wconf 92' lang='lat' dir='ltr'>obiectu</span> <span class='ocrx_word' id='word_1_34' title='bbox 588 614 622 655; x_wconf 93' lang='lat' dir='ltr'>ac</span> <span class='ocrx_word' id='word_1_35' title='bbox 653 598 733 656; x_wconf 91' lang='lat' dir='ltr'>vices</span> <span class='ocrx_word' id='word_1_36' title='bbox 766 595 864 674; x_wconf 82' lang='lat' dir='ltr'>reddi,</span> <span class='ocrx_word' id='word_1_37' title='bbox 901 596 1021 656; x_wconf 90' lang='lat' dir='ltr'>eosdem</span> <span class='ocrx_word' id='word_1_38' title='bbox 1055 597 1126 657; x_wconf 84' lang='lat' dir='ltr'>solis</span> 
     </span>
     <span class='ocr_line' id='line_1_6' title="bbox 82 684 1126 764; baseline 0 -19"><span class='ocrx_word' id='word_1_39' title='bbox 82 684 209 752; x_wconf 72' lang='lat' dir='ltr'>aradios</span> <span class='ocrx_word' id='word_1_40' title='bbox 228 684 298 744; x_wconf 95' lang='lat' dir='ltr'>luna</span> <span class='ocrx_word' id='word_1_41' title='bbox 316 686 495 762; x_wconf 88' lang='lat' dir='ltr'>interpositu</span> <span class='ocrx_word' id='word_1_42' title='bbox 513 703 567 744; x_wconf 91' lang='lat' dir='ltr'>suo</span> <span class='ocrx_word' id='word_1_43' title='bbox 587 685 740 745; x_wconf 76' lang='lat' dir='ltr'>auferente</span> <span class='ocrx_word' id='word_1_44' title='bbox 759 692 857 746; x_wconf 90' lang='lat' dir='ltr'>terrae</span> <span class='ocrx_word' id='word_1_45' title='bbox 877 693 1015 764; x_wconf 90' lang='lat' dir='ltr'>terraque</span> <span class='ocrx_word' id='word_1_46' title='bbox 1030 685 1126 746; x_wconf 88' lang='lat' dir='ltr'>lunae.</span> 
     </span>
     <span class='ocr_line' id='line_1_7' title="bbox 108 772 1127 852; baseline 0 -18"><span class='ocrx_word' id='word_1_47' title='bbox 108 774 165 834; x_wconf 91' lang='lat' dir='ltr'>bac</span> <span class='ocrx_word' id='word_1_48' title='bbox 188 772 334 833; x_wconf 82' lang='lat' dir='ltr'>subeunte</span> <span class='ocrx_word' id='word_1_49' title='bbox 358 775 528 852; x_wconf 90' lang='lat' dir='ltr'>repentinas</span> <span class='ocrx_word' id='word_1_50' title='bbox 551 773 659 834; x_wconf 91' lang='lat' dir='ltr'>obduci</span> <span class='ocrx_word' id='word_1_51' title='bbox 682 773 820 835; x_wconf 87' lang='lat' dir='ltr'>tenebras</span> <span class='ocrx_word' id='word_1_52' title='bbox 844 793 1023 852; x_wconf 87' lang='lat' dir='ltr'>rursumque</span> <span class='ocrx_word' id='word_1_53' title='bbox 1047 775 1127 834; x_wconf 91' lang='lat' dir='ltr'>illius</span> 
     </span>
     <span class='ocr_line' id='line_1_8' title="bbox 108 860 1126 942; baseline 0 -19"><span class='ocrx_word' id='word_1_54' title='bbox 108 861 215 923; x_wconf 86' lang='lat' dir='ltr'>umbra</span> <span class='ocrx_word' id='word_1_55' title='bbox 247 860 331 923; x_wconf 89' lang='lat' dir='ltr'>sidus</span> <span class='ocrx_word' id='word_1_56' title='bbox 361 861 505 922; x_wconf 89' lang='lat' dir='ltr'>hebetari.</span> <span class='ocrx_word' id='word_1_57' title='bbox 556 881 653 941; x_wconf 89' lang='lat' dir='ltr'>neque</span> <span class='ocrx_word' id='word_1_58' title='bbox 686 863 766 924; x_wconf 94' lang='lat' dir='ltr'>aliud</span> <span class='ocrx_word' id='word_1_59' title='bbox 799 882 864 924; x_wconf 90' lang='lat' dir='ltr'>esse</span> <span class='ocrx_word' id='word_1_60' title='bbox 892 871 1010 924; x_wconf 90' lang='lat' dir='ltr'>noctem</span> <span class='ocrx_word' id='word_1_61' title='bbox 1038 882 1126 942; x_wconf 93' lang='lat' dir='ltr'>quam</span> 
     </span>
     <span class='ocr_line' id='line_1_9' title="bbox 109 950 1127 1029; baseline -0.001 -17"><span class='ocrx_word' id='word_1_62' title='bbox 109 960 208 1012; x_wconf 92' lang='lat' dir='ltr'>terrae</span> <span class='ocrx_word' id='word_1_63' title='bbox 231 950 381 1029; x_wconf 84' lang='lat' dir='ltr'>umbram,</span> <span class='ocrx_word' id='word_1_64' title='bbox 405 952 529 1029; x_wconf 79' lang='lat' dir='ltr'>figuram</span> <span class='ocrx_word' id='word_1_65' title='bbox 552 959 651 1012; x_wconf 90' lang='lat' dir='ltr'>autem</span> <span class='ocrx_word' id='word_1_66' title='bbox 673 952 797 1012; x_wconf 92' lang='lat' dir='ltr'>umbrae</span> <span class='ocrx_word' id='word_1_67' title='bbox 820 952 949 1013; x_wconf 89' lang='lat' dir='ltr'>similem</span> <span class='ocrx_word' id='word_1_68' title='bbox 972 959 1069 1013; x_wconf 90' lang='lat' dir='ltr'>metae</span> <span class='ocrx_word' id='word_1_69' title='bbox 1094 971 1127 1012; x_wconf 89' lang='lat' dir='ltr'>ac</span> 
     </span>
     <span class='ocr_line' id='line_1_10' title="bbox 108 1038 1127 1119; baseline 0 -18"><span class='ocrx_word' id='word_1_70' title='bbox 108 1039 224 1101; x_wconf 89' lang='lat' dir='ltr'>turbini</span> <span class='ocrx_word' id='word_1_71' title='bbox 255 1043 386 1117; x_wconf 87' lang='lat' dir='ltr'>inverso,</span> <span class='ocrx_word' id='word_1_72' title='bbox 418 1038 535 1118; x_wconf 92' lang='lat' dir='ltr'>quando</span> <span class='ocrx_word' id='word_1_73' title='bbox 568 1059 710 1101; x_wconf 92' lang='lat' dir='ltr'>mucrone</span> <span class='ocrx_word' id='word_1_74' title='bbox 742 1049 857 1102; x_wconf 90' lang='lat' dir='ltr'>tantum</span> <span class='ocrx_word' id='word_1_75' title='bbox 885 1044 1004 1119; x_wconf 80' lang='lat' dir='ltr'>ingruat</span> <span class='ocrx_word' id='word_1_76' title='bbox 1030 1059 1127 1119; x_wconf 90' lang='lat' dir='ltr'>neque</span> 
     </span>
     <span class='ocr_line' id='line_1_11' title="bbox 71 1128 1127 1209; baseline 0 -19"><span class='ocrx_word' id='word_1_77' title='bbox 71 1156 97 1196; x_wconf 75' lang='grc' dir='ltr'>ιο</span> <span class='ocrx_word' id='word_1_78' title='bbox 110 1129 198 1190; x_wconf 87' lang='lat' dir='ltr'>lunae</span> <span class='ocrx_word' id='word_1_79' title='bbox 231 1128 354 1189; x_wconf 75' lang='lat' dir='ltr'>excedat</span> <span class='ocrx_word' id='word_1_80' title='bbox 386 1129 584 1207; x_wconf 84' lang='lat' dir='ltr'>altitudinem,</span> <span class='ocrx_word' id='word_1_81' title='bbox 616 1133 756 1209; x_wconf 91' lang='lat' dir='ltr'>quoniam</span> <span class='ocrx_word' id='word_1_82' title='bbox 789 1130 903 1191; x_wconf 92' lang='lat' dir='ltr'>nullum</span> <span class='ocrx_word' id='word_1_83' title='bbox 936 1130 1015 1190; x_wconf 92' lang='lat' dir='ltr'>aliud</span> <span class='ocrx_word' id='word_1_84' title='bbox 1044 1130 1127 1190; x_wconf 90' lang='lat' dir='ltr'>sidus</span> 
     </span>
     <span class='ocr_line' id='line_1_12' title="bbox 110 1215 1127 1298; baseline 0 -19"><span class='ocrx_word' id='word_1_85' title='bbox 110 1218 215 1279; x_wconf 92' lang='lat' dir='ltr'>eodem</span> <span class='ocrx_word' id='word_1_86' title='bbox 243 1217 331 1278; x_wconf 93' lang='lat' dir='ltr'>modo</span> <span class='ocrx_word' id='word_1_87' title='bbox 358 1217 536 1278; x_wconf 86' lang='lat' dir='ltr'>obscuretur</span> <span class='ocrx_word' id='word_1_88' title='bbox 564 1228 594 1279; x_wconf 89' lang='lat' dir='ltr'>et</span> <span class='ocrx_word' id='word_1_89' title='bbox 621 1215 688 1278; x_wconf 87' lang='lat' dir='ltr'>talis</span> <span class='ocrx_word' id='word_1_90' title='bbox 717 1220 810 1297; x_wconf 83' lang='lat' dir='ltr'>ligura</span> <span class='ocrx_word' id='word_1_91' title='bbox 839 1237 957 1298; x_wconf 87' lang='lat' dir='ltr'>semper</span> <span class='ocrx_word' id='word_1_92' title='bbox 984 1237 1127 1281; x_wconf 91' lang='lat' dir='ltr'>mucrone</span> 
     </span>
     <span class='ocr_line' id='line_1_13' title="bbox 110 1307 1180 1385; baseline 0.003 -17"><span class='ocrx_word' id='word_1_93' title='bbox 110 1307 237 1368; x_wconf 88' lang='lat' dir='ltr'>deficiat.</span> <span class='ocrx_word' id='word_1_94' title='bbox 293 1309 387 1385; x_wconf 91' lang='lat' dir='ltr'>spatio</span> <span class='ocrx_word' id='word_1_95' title='bbox 425 1307 545 1385; x_wconf 91' lang='lat' dir='ltr'>quidem</span> <span class='ocrx_word' id='word_1_96' title='bbox 582 1310 718 1368; x_wconf 82' lang='lat' dir='ltr'>consumi</span> <span class='ocrx_word' id='word_1_97' title='bbox 754 1308 875 1368; x_wconf 90' lang='lat' dir='ltr'>umbras</span> <span class='ocrx_word' id='word_1_98' title='bbox 912 1308 1023 1369; x_wconf 91' lang='lat' dir='ltr'>indicio</span> <span class='ocrx_word' id='word_1_99' title='bbox 1059 1316 1128 1369; x_wconf 91' lang='lat' dir='ltr'>sunt</span> <span class='ocrx_word' id='word_1_100' title='bbox 1146 1322 1180 1371; x_wconf 84' lang='lat'>48</span> 
     </span>
     <span class='ocr_line' id='line_1_14' title="bbox 109 1395 1127 1474; baseline 0.002 -19"><span class='ocrx_word' id='word_1_101' title='bbox 109 1396 265 1457; x_wconf 81' lang='lat' dir='ltr'>volucrum</span> <span class='ocrx_word' id='word_1_102' title='bbox 293 1395 418 1474; x_wconf 89' lang='lat' dir='ltr'>praealti</span> <span class='ocrx_word' id='word_1_103' title='bbox 443 1396 566 1456; x_wconf 88' lang='lat' dir='ltr'>volatus.</span> <span class='ocrx_word' id='word_1_104' title='bbox 612 1415 683 1474; x_wconf 84' lang='lat' dir='ltr'>ergo</span> <span class='ocrx_word' id='word_1_105' title='bbox 711 1399 873 1458; x_wconf 84' lang='lat' dir='ltr'>confinium</span> <span class='ocrx_word' id='word_1_106' title='bbox 896 1398 956 1457; x_wconf 87' lang='lat' dir='ltr'>illis</span> <span class='ocrx_word' id='word_1_107' title='bbox 980 1406 1026 1458; x_wconf 89' lang='lat' dir='ltr'>est</span> <span class='ocrx_word' id='word_1_108' title='bbox 1049 1400 1127 1457; x_wconf 78' lang='lat' dir='ltr'>aeris</span> 
     </span>
     <span class='ocr_line' id='line_1_15' title="bbox 109 1486 1128 1567; baseline 0 -22"><span class='ocrx_word' id='word_1_109' title='bbox 109 1487 257 1546; x_wconf 90' lang='lat' dir='ltr'>terminus</span> <span class='ocrx_word' id='word_1_110' title='bbox 277 1487 457 1563; x_wconf 91' lang='lat' dir='ltr'>initiumque</span> <span class='ocrx_word' id='word_1_111' title='bbox 476 1486 613 1545; x_wconf 89' lang='lat' dir='ltr'>aetheris.</span> <span class='ocrx_word' id='word_1_112' title='bbox 656 1504 744 1565; x_wconf 90' lang='lat' dir='ltr'>supra</span> <span class='ocrx_word' id='word_1_113' title='bbox 765 1486 865 1547; x_wconf 93' lang='lat' dir='ltr'>lunam</span> <span class='ocrx_word' id='word_1_114' title='bbox 883 1505 958 1567; x_wconf 91' lang='lat' dir='ltr'>pura</span> <span class='ocrx_word' id='word_1_115' title='bbox 977 1490 1075 1547; x_wconf 94' lang='lat' dir='ltr'>omnia</span> <span class='ocrx_word' id='word_1_116' title='bbox 1094 1505 1128 1545; x_wconf 92' lang='lat' dir='ltr'>ac</span> 
     </span>
     <span class='ocr_line' id='line_1_16' title="bbox 72 1573 1128 1655; baseline -0.001 -20"><span class='ocrx_word' id='word_1_117' title='bbox 72 1599 97 1641; x_wconf 75' lang='lat' dir='ltr'>rs</span> <span class='ocrx_word' id='word_1_118' title='bbox 111 1574 237 1635; x_wconf 91' lang='lat' dir='ltr'>diurnae</span> <span class='ocrx_word' id='word_1_119' title='bbox 260 1573 335 1635; x_wconf 92' lang='lat' dir='ltr'>lucis</span> <span class='ocrx_word' id='word_1_120' title='bbox 359 1573 454 1652; x_wconf 88' lang='lat' dir='ltr'>plena.</span> <span class='ocrx_word' id='word_1_121' title='bbox 496 1593 511 1633; x_wconf 95' lang='lat' dir='ltr'>a</span> <span class='ocrx_word' id='word_1_122' title='bbox 530 1573 616 1634; x_wconf 89' lang='lat' dir='ltr'>nobis</span> <span class='ocrx_word' id='word_1_123' title='bbox 635 1583 734 1634; x_wconf 90' lang='lat' dir='ltr'>autem</span> <span class='ocrx_word' id='word_1_124' title='bbox 753 1584 944 1655; x_wconf 90' lang='lat' dir='ltr'>pernoctem</span> <span class='ocrx_word' id='word_1_125' title='bbox 963 1584 1128 1636; x_wconf 90' lang='lat' dir='ltr'>cernuntur</span> 
     </span>
     <span class='ocr_line' id='line_1_17' title="bbox 110 1661 1127 1743; baseline 0 -20"><span class='ocrx_word' id='word_1_126' title='bbox 110 1662 219 1741; x_wconf 88' lang='lat' dir='ltr'>sidera,</span> <span class='ocrx_word' id='word_1_127' title='bbox 242 1670 276 1723; x_wconf 94' lang='lat' dir='ltr'>ut</span> <span class='ocrx_word' id='word_1_128' title='bbox 298 1661 414 1741; x_wconf 90' lang='lat' dir='ltr'>reliqua</span> <span class='ocrx_word' id='word_1_129' title='bbox 432 1663 542 1722; x_wconf 93' lang='lat' dir='ltr'>lumina</span> <span class='ocrx_word' id='word_1_130' title='bbox 563 1682 578 1724; x_wconf 90' lang='lat' dir='ltr'>e</span> <span class='ocrx_word' id='word_1_131' title='bbox 597 1663 739 1741; x_wconf 81' lang='lat' dir='ltr'>tenebris,</span> <span class='ocrx_word' id='word_1_132' title='bbox 763 1673 792 1724; x_wconf 96' lang='lat' dir='ltr'>et</span> <span class='ocrx_word' id='word_1_133' title='bbox 810 1673 933 1743; x_wconf 88' lang='lat' dir='ltr'>propter</span> <span class='ocrx_word' id='word_1_134' title='bbox 951 1665 1004 1724; x_wconf 90' lang='lat' dir='ltr'>bas</span> <span class='ocrx_word' id='word_1_135' title='bbox 1024 1683 1127 1725; x_wconf 79' lang='lat' dir='ltr'>causas</span> 
     </span>
     <span class='ocr_line' id='line_1_18' title="bbox 110 1752 1128 1831; baseline 0 -19"><span class='ocrx_word' id='word_1_136' title='bbox 110 1760 257 1812; x_wconf 91' lang='lat' dir='ltr'>nocturno</span> <span class='ocrx_word' id='word_1_137' title='bbox 278 1758 412 1830; x_wconf 92' lang='lat' dir='ltr'>tempore</span> <span class='ocrx_word' id='word_1_138' title='bbox 433 1752 532 1813; x_wconf 87' lang='lat' dir='ltr'>deficit</span> <span class='ocrx_word' id='word_1_139' title='bbox 551 1753 627 1812; x_wconf 89' lang='lat' dir='ltr'>luna.</span> <span class='ocrx_word' id='word_1_140' title='bbox 670 1756 739 1813; x_wconf 91' lang='lat' dir='ltr'>stati</span> <span class='ocrx_word' id='word_1_141' title='bbox 758 1762 856 1814; x_wconf 91' lang='lat' dir='ltr'>autem</span> <span class='ocrx_word' id='word_1_142' title='bbox 875 1761 963 1831; x_wconf 90' lang='lat' dir='ltr'>atque</span> <span class='ocrx_word' id='word_1_143' title='bbox 982 1756 1128 1814; x_wconf 91' lang='lat' dir='ltr'>menstrui</span> 
     </span>
     <span class='ocr_line' id='line_1_19' title="bbox 110 1841 1127 1922; baseline -0.001 -20"><span class='ocrx_word' id='word_1_144' title='bbox 110 1860 171 1902; x_wconf 93' lang='lat' dir='ltr'>non</span> <span class='ocrx_word' id='word_1_145' title='bbox 205 1849 275 1901; x_wconf 91' lang='lat' dir='ltr'>sunt</span> <span class='ocrx_word' id='word_1_146' title='bbox 301 1843 421 1919; x_wconf 90' lang='lat' dir='ltr'>utrique</span> <span class='ocrx_word' id='word_1_147' title='bbox 451 1841 582 1902; x_wconf 86' lang='lat' dir='ltr'>defectus</span> <span class='ocrx_word' id='word_1_148' title='bbox 610 1850 732 1922; x_wconf 91' lang='lat' dir='ltr'>propter</span> <span class='ocrx_word' id='word_1_149' title='bbox 760 1842 964 1921; x_wconf 86' lang='lat' dir='ltr'>obliquitatem</span> <span class='ocrx_word' id='word_1_150' title='bbox 993 1844 1127 1920; x_wconf 76' lang='lat' dir='ltr'>signiferi</span> 
     </span>
     <span class='ocr_line' id='line_1_20' title="bbox 110 1930 1168 2010; baseline -0.001 -20"><span class='ocrx_word' id='word_1_151' title='bbox 110 1930 259 2009; x_wconf 92' lang='lat' dir='ltr'>lunaeque</span> <span class='ocrx_word' id='word_1_152' title='bbox 279 1930 465 2009; x_wconf 77' lang='lat' dir='ltr'>multivagos,</span> <span class='ocrx_word' id='word_1_153' title='bbox 488 1939 521 1990; x_wconf 93' lang='lat' dir='ltr'>ut</span> <span class='ocrx_word' id='word_1_154' title='bbox 545 1930 656 1991; x_wconf 92' lang='lat' dir='ltr'>dictum</span> <span class='ocrx_word' id='word_1_155' title='bbox 676 1939 730 2009; x_wconf 79' lang='lat' dir='ltr'>est,</span> <span class='ocrx_word' id='word_1_156' title='bbox 753 1932 856 2009; x_wconf 83' lang='lat' dir='ltr'>flexus,</span> <span class='ocrx_word' id='word_1_157' title='bbox 880 1951 940 1992; x_wconf 89' lang='lat' dir='ltr'>nou</span> <span class='ocrx_word' id='word_1_158' title='bbox 959 1950 1078 2010; x_wconf 92' lang='lat' dir='ltr'>semper</span> <span class='ocrx_word' id='word_1_159' title='bbox 1097 1933 1126 1990; x_wconf 91' lang='lat' dir='ltr'>in</span> <span class='ocrx_word' id='word_1_160' title='bbox 1141 1947 1168 1984; x_wconf 79' lang='lat'>4³</span> 
     </span>
     <span class='ocr_line' id='line_1_21' title="bbox 71 2011 878 2098; baseline 0 -19"><span class='ocrx_word' id='word_1_161' title='bbox 71 2045 97 2086; x_wconf 73' lang='lat' dir='ltr'>so</span> <span class='ocrx_word' id='word_1_162' title='bbox 111 2018 253 2098; x_wconf 86' lang='lat' dir='ltr'>scripulis</span> <span class='ocrx_word' id='word_1_163' title='bbox 276 2021 406 2098; x_wconf 91' lang='lat' dir='ltr'>partium</span> <span class='ocrx_word' id='word_1_164' title='bbox 425 2011 607 2098; x_wconf 84' lang='lat' dir='ltr'>congruente</span> <span class='ocrx_word' id='word_1_165' title='bbox 632 2019 764 2080; x_wconf 91' lang='lat' dir='ltr'>siderum</span> <span class='ocrx_word' id='word_1_166' title='bbox 787 2029 878 2081; x_wconf 88' lang='lat' dir='ltr'>motu.</span> 
     </span>
    </p>

    <p class='ocr_par' dir='ltr' id='par_1_4' title="bbox 111 2100 1181 2454">
     <span class='ocr_line' id='line_1_22' title="bbox 204 2100 1181 2191; baseline 0.002 -24"><span class='ocrx_word' id='word_1_167' title='bbox 204 2101 260 2171; x_wconf 89' lang='lat' dir='ltr'>ll.</span> <span class='ocrx_word' id='word_1_168' title='bbox 286 2100 336 2191; x_wconf 78' lang='lat'>(8)</span> <span class='ocrx_word' id='word_1_169' title='bbox 374 2107 454 2169; x_wconf 91' lang='lat' dir='ltr'>Haec</span> <span class='ocrx_word' id='word_1_170' title='bbox 491 2111 566 2169; x_wconf 90' lang='lat' dir='ltr'>ratio</span> <span class='ocrx_word' id='word_1_171' title='bbox 602 2110 742 2169; x_wconf 90' lang='lat' dir='ltr'>mortales</span> <span class='ocrx_word' id='word_1_172' title='bbox 778 2113 893 2170; x_wconf 90' lang='lat' dir='ltr'>animos</span> <span class='ocrx_word' id='word_1_173' title='bbox 926 2108 1065 2169; x_wconf 86' lang='lat' dir='ltr'>subducit</span> <span class='ocrx_word' id='word_1_174' title='bbox 1097 2111 1127 2168; x_wconf 93' lang='lat' dir='ltr'>in</span> <span class='ocrx_word' id='word_1_175' title='bbox 1147 2121 1181 2169; x_wconf 84' lang='grc'>49</span> 
     </span>
     <span class='ocr_line' id='line_1_23' title="bbox 111 2196 1128 2278; baseline -0.001 -21"><span class='ocrx_word' id='word_1_176' title='bbox 111 2196 227 2257; x_wconf 92' lang='lat' dir='ltr'>caelum</span> <span class='ocrx_word' id='word_1_177' title='bbox 255 2216 289 2256; x_wconf 91' lang='lat' dir='ltr'>ac</span> <span class='ocrx_word' id='word_1_178' title='bbox 316 2197 397 2257; x_wconf 93' lang='lat' dir='ltr'>velut</span> <span class='ocrx_word' id='word_1_179' title='bbox 424 2197 493 2258; x_wconf 90' lang='lat' dir='ltr'>inde</span> <span class='ocrx_word' id='word_1_180' title='bbox 522 2198 790 2278; x_wconf 89' lang='lat' dir='ltr'>contemplantibus</span> <span class='ocrx_word' id='word_1_181' title='bbox 817 2201 909 2259; x_wconf 89' lang='lat' dir='ltr'>trium</span> <span class='ocrx_word' id='word_1_182' title='bbox 933 2201 1128 2258; x_wconf 83' lang='lat' dir='ltr'>maximarum</span> 
     </span>
     <span class='ocr_line' id='line_1_24' title="bbox 111 2287 1130 2366; baseline 0 -20"><span class='ocrx_word' id='word_1_183' title='bbox 111 2304 215 2346; x_wconf 90' lang='lat' dir='ltr'>rerum</span> <span class='ocrx_word' id='word_1_184' title='bbox 238 2294 361 2346; x_wconf 91' lang='lat' dir='ltr'>naturae</span> <span class='ocrx_word' id='word_1_185' title='bbox 384 2289 514 2364; x_wconf 90' lang='lat' dir='ltr'>partium</span> <span class='ocrx_word' id='word_1_186' title='bbox 533 2287 767 2365; x_wconf 84' lang='lat' dir='ltr'>magnitudinem</span> <span class='ocrx_word' id='word_1_187' title='bbox 788 2288 907 2366; x_wconf 80' lang='lat' dir='ltr'>detegit</span> <span class='ocrx_word' id='word_1_188' title='bbox 949 2306 1009 2346; x_wconf 92' lang='lat' dir='ltr'>non</span> <span class='ocrx_word' id='word_1_189' title='bbox 1028 2294 1130 2365; x_wconf 91' lang='lat' dir='ltr'>posset</span> 
     </span>
     <span class='ocr_line' id='line_1_25' title="bbox 111 2375 1128 2454; baseline 0 -20"><span class='ocrx_word' id='word_1_190' title='bbox 111 2377 222 2454; x_wconf 92' lang='lat' dir='ltr'>quippe</span> <span class='ocrx_word' id='word_1_191' title='bbox 249 2382 329 2434; x_wconf 91' lang='lat' dir='ltr'>totus</span> <span class='ocrx_word' id='word_1_192' title='bbox 358 2375 401 2434; x_wconf 89' lang='lat' dir='ltr'>sol</span> <span class='ocrx_word' id='word_1_193' title='bbox 429 2375 520 2436; x_wconf 91' lang='lat' dir='ltr'>adimi</span> <span class='ocrx_word' id='word_1_194' title='bbox 547 2378 637 2436; x_wconf 91' lang='lat' dir='ltr'>terris</span> <span class='ocrx_word' id='word_1_195' title='bbox 660 2377 864 2437; x_wconf 88' lang='lat' dir='ltr'>intercedente</span> <span class='ocrx_word' id='word_1_196' title='bbox 888 2375 970 2454; x_wconf 81' lang='lat' dir='ltr'>luna,</span> <span class='ocrx_word' id='word_1_197' title='bbox 999 2379 1024 2435; x_wconf 92' lang='lat' dir='ltr'>si</span> <span class='ocrx_word' id='word_1_198' title='bbox 1048 2384 1128 2435; x_wconf 88' lang='lat' dir='ltr'>terra</span> 
     </span>
    </p>

    <p class='ocr_par' dir='ltr' id='par_1_5' title="bbox 70 2464 1129 2544">
     <span class='ocr_line' id='line_1_26' title="bbox 70 2464 1129 2544; baseline 0 -20"><span class='ocrx_word' id='word_1_199' title='bbox 70 2489 97 2530; x_wconf 55' lang='grc' dir='ltr'>εὖ</span> <span class='ocrx_word' id='word_1_200' title='bbox 111 2465 208 2524; x_wconf 89' lang='lat' dir='ltr'>maior</span> <span class='ocrx_word' id='word_1_201' title='bbox 249 2472 329 2523; x_wconf 92' lang='lat' dir='ltr'>esset</span> <span class='ocrx_word' id='word_1_202' title='bbox 370 2483 458 2542; x_wconf 93' lang='lat' dir='ltr'>quam</span> <span class='ocrx_word' id='word_1_203' title='bbox 500 2464 577 2525; x_wconf 92' lang='lat' dir='ltr'>luna.</span> <span class='ocrx_word' id='word_1_204' title='bbox 637 2467 725 2525; x_wconf 90' lang='lat' dir='ltr'>tertia</span> <span class='ocrx_word' id='word_1_205' title='bbox 767 2485 802 2526; x_wconf 85' lang='lat' dir='ltr'>ex</span> <span class='ocrx_word' id='word_1_206' title='bbox 843 2472 971 2544; x_wconf 90' lang='lat' dir='ltr'>utroque</span> <span class='ocrx_word' id='word_1_207' title='bbox 1008 2468 1129 2524; x_wconf 89' lang='lat' dir='ltr'>vastitas</span> 
     </span>
    </p>
   </div>
   <div class='ocr_carea' id='block_1_4' title="bbox 112 2617 1128 2754">
    <p class='ocr_par' dir='ltr' id='par_1_6' title="bbox 112 2617 1128 2754">
     <span class='ocr_line' id='line_1_27' title="bbox 184 2617 1128 2687; baseline 0.002 -18"><span class='ocrx_word' id='word_1_208' title='bbox 184 2622 255 2683; x_wconf 56' lang='lat' dir='ltr'>§lv</span> <span class='ocrx_word' id='word_1_209' title='bbox 271 2620 362 2686; x_wconf 88' lang='lat'>(3—8)</span> <span class='ocrx_word' id='word_1_210' title='bbox 376 2617 454 2671; x_wconf 92' lang='lat' dir='ltr'>Beda</span> <span class='ocrx_word' id='word_1_211' title='bbox 467 2620 508 2686; x_wconf 87' lang='lat' dir='ltr'>tp.</span> <span class='ocrx_word' id='word_1_212' title='bbox 518 2636 539 2671; x_wconf 92' lang='lat' dir='ltr'>r.</span> <span class='ocrx_word' id='word_1_213' title='bbox 551 2623 593 2672; x_wconf 76' lang='lat'>27.</span> <span class='ocrx_word' id='word_1_214' title='bbox 613 2621 650 2687; x_wconf 92' lang='lat' dir='ltr'>(n.</span> <span class='ocrx_word' id='word_1_215' title='bbox 662 2636 683 2671; x_wconf 88' lang='lat' dir='ltr'>r.</span> <span class='ocrx_word' id='word_1_216' title='bbox 695 2621 748 2685; x_wconf 77' lang='lat'>22).</span> <span class='ocrx_word' id='word_1_217' title='bbox 760 2651 793 2658; x_wconf 91' lang='lat'>—</span> <span class='ocrx_word' id='word_1_218' title='bbox 805 2625 820 2684; x_wconf 66' lang='grc' dir='ltr'>ξ</span> <span class='ocrx_word' id='word_1_219' title='bbox 831 2623 949 2672; x_wconf 77' lang='lat'>48-50:</span> <span class='ocrx_word' id='word_1_220' title='bbox 965 2619 1043 2672; x_wconf 83' lang='lat' dir='ltr'>Beda</span> <span class='ocrx_word' id='word_1_221' title='bbox 1057 2622 1096 2687; x_wconf 89' lang='lat' dir='ltr'>tp.</span> <span class='ocrx_word' id='word_1_222' title='bbox 1108 2637 1128 2671; x_wconf 88' lang='lat' dir='ltr'>r.</span> 
     </span>
     <span class='ocr_line' id='line_1_28' title="bbox 112 2689 929 2754; baseline 0.004 -14"><span class='ocrx_word' id='word_1_223' title='bbox 112 2694 155 2743; x_wconf 77' lang='lat'>27.</span> <span class='ocrx_word' id='word_1_224' title='bbox 175 2719 210 2728; x_wconf 89' lang='lat'>-</span> <span class='ocrx_word' id='word_1_225' title='bbox 230 2693 307 2753; x_wconf 75' lang='lat'>§482</span> <span class='ocrx_word' id='word_1_226' title='bbox 326 2689 404 2740; x_wconf 76' lang='lat' dir='ltr'>Beda</span> <span class='ocrx_word' id='word_1_227' title='bbox 423 2707 448 2741; x_wconf 90' lang='lat' dir='ltr'>n.</span> <span class='ocrx_word' id='word_1_228' title='bbox 463 2707 484 2742; x_wconf 86' lang='lat' dir='ltr'>r.</span> <span class='ocrx_word' id='word_1_229' title='bbox 500 2695 542 2742; x_wconf 79' lang='lat'>25.</span> <span class='ocrx_word' id='word_1_230' title='bbox 563 2721 596 2729; x_wconf 93' lang='lat'>——</span> <span class='ocrx_word' id='word_1_231' title='bbox 617 2694 693 2754; x_wconf 69' lang='lat'>549:</span> <span class='ocrx_word' id='word_1_232' title='bbox 714 2691 791 2744; x_wconf 77' lang='lat' dir='ltr'>Beda</span> <span class='ocrx_word' id='word_1_233' title='bbox 809 2709 836 2743; x_wconf 92' lang='lat' dir='ltr'>n.</span> <span class='ocrx_word' id='word_1_234' title='bbox 851 2708 872 2742; x_wconf 89' lang='lat' dir='ltr'>r.</span> <span class='ocrx_word' id='word_1_235' title='bbox 888 2696 929 2743; x_wconf 77' lang='lat'>22.</span> 
     </span>
    </p>
   </div>
   <div class='ocr_carea' id='block_1_5' title="bbox 109 2831 1133 3622">
    <p class='ocr_par' dir='ltr' id='par_1_7' title="bbox 110 2831 1133 3469">
     <span class='ocr_line' id='line_1_29' title="bbox 185 2831 1130 2902; baseline 0.002 -20"><span class='ocrx_word' id='word_1_236' title='bbox 185 2836 200 2882; x_wconf 80' lang='lat'>2</span> <span class='ocrx_word' id='word_1_237' title='bbox 224 2831 449 2900; x_wconf 81' lang='lat' dir='ltr'>magnitudinem</span> <span class='ocrx_word' id='word_1_238' title='bbox 472 2832 603 2886; x_wconf 73' lang='lat' dir='ltr'>F¹R¹Ea</span> <span class='ocrx_word' id='word_1_239' title='bbox 628 2832 675 2902; x_wconf 67' lang='lat'>(11¹</span> <span class='ocrx_word' id='word_1_240' title='bbox 684 2832 868 2901; x_wconf 82' lang='lat' dir='ltr'>periitmorp.</span> <span class='ocrx_word' id='word_1_241' title='bbox 883 2833 1005 2900; x_wconf 81' lang='lat' dir='ltr'>absciso).</span> <span class='ocrx_word' id='word_1_242' title='bbox 1034 2849 1130 2885; x_wconf 88' lang='lat' dir='ltr'>eornm</span> 
     </span>
     <span class='ocr_line' id='line_1_30' title="bbox 110 2901 1130 2972; baseline 0.002 -17"><span class='ocrx_word' id='word_1_243' title='bbox 110 2901 340 2970; x_wconf 81' lang='lat' dir='ltr'>magnitudinum</span> <span class='ocrx_word' id='word_1_244' title='bbox 361 2903 477 2966; x_wconf 71' lang='lat' dir='ltr'>optes</span> <span class='ocrx_word' id='word_1_245' title='bbox 565 2908 580 2956; x_wconf 78' lang='grc' dir='ltr'>ὅ</span> <span class='ocrx_word' id='word_1_246' title='bbox 603 2906 696 2957; x_wconf 83' lang='lat' dir='ltr'>terrae</span> <span class='ocrx_word' id='word_1_247' title='bbox 719 2905 848 2970; x_wconf 83' lang='lat' dir='ltr'>terraque</span> <span class='ocrx_word' id='word_1_248' title='bbox 867 2903 953 2958; x_wconf 77' lang='lat' dir='ltr'>R²da</span> <span class='ocrx_word' id='word_1_249' title='bbox 982 2906 1130 2972; x_wconf 86' lang='lat' dir='ltr'>terraeque</span> 
     </span>
     <span class='ocr_line' id='line_1_31' title="bbox 111 2973 1130 3043; baseline 0 -17"><span class='ocrx_word' id='word_1_250' title='bbox 111 2973 222 3026; x_wconf 76' lang='lat' dir='ltr'>r¹a¹1t</span> <span class='ocrx_word' id='word_1_251' title='bbox 246 2979 361 3040; x_wconf 75' lang='lat' dir='ltr'>-reque</span> <span class='ocrx_word' id='word_1_252' title='bbox 381 2993 404 3025; x_wconf 83' lang='lat' dir='ltr'>a.</span> <span class='ocrx_word' id='word_1_253' title='bbox 429 2974 649 3043; x_wconf 60' lang='lat' dir='ltr'>-raquevrop</span> <span class='ocrx_word' id='word_1_254' title='bbox 674 2991 820 3042; x_wconf 85' lang='lat' dir='ltr'>·rasquey</span> <span class='ocrx_word' id='word_1_255' title='bbox 892 2975 1061 3028; x_wconf 80' lang='lat' dir='ltr'>bhacuero</span> <span class='ocrx_word' id='word_1_256' title='bbox 1076 2992 1130 3039; x_wconf 75' lang='lat' dir='ltr'>ope</span> 
     </span>
     <span class='ocr_line' id='line_1_32' title="bbox 111 3044 1048 3115; baseline -0.001 -17"><span class='ocrx_word' id='word_1_257' title='bbox 111 3045 194 3098; x_wconf 58' lang='lat' dir='ltr'>vat}</span> <span class='ocrx_word' id='word_1_258' title='bbox 219 3044 223 3115; x_wconf 88' lang='grc' dir='ltr'>Ι</span> <span class='ocrx_word' id='word_1_259' title='bbox 248 3061 286 3098; x_wconf 82' lang='lat' dir='ltr'>aa</span> <span class='ocrx_word' id='word_1_260' title='bbox 305 3044 408 3098; x_wconf 90' lang='lat' dir='ltr'>obduci</span> <span class='ocrx_word' id='word_1_261' title='bbox 426 3048 518 3099; x_wconf 88' lang='lat' dir='ltr'>terrae</span> <span class='ocrx_word' id='word_1_262' title='bbox 537 3047 588 3114; x_wconf 83' lang='lat' dir='ltr'>(cel</span> <span class='ocrx_word' id='word_1_263' title='bbox 606 3046 678 3114; x_wconf 69' lang='lat' dir='ltr'>illita</span> <span class='ocrx_word' id='word_1_264' title='bbox 703 3048 708 3114; x_wconf 79' lang='lat' dir='ltr'>l</span> <span class='ocrx_word' id='word_1_265' title='bbox 733 3060 884 3113; x_wconf 88' lang='lat' dir='ltr'>rursusque</span> <span class='ocrx_word' id='word_1_266' title='bbox 902 3063 926 3110; x_wconf 84' lang='lat' dir='ltr'>p.</span> <span class='ocrx_word' id='word_1_267' title='bbox 950 3063 1009 3098; x_wconf 86' lang='lat' dir='ltr'>-sus</span> <span class='ocrx_word' id='word_1_268' title='bbox 1029 3051 1048 3097; x_wconf 73' lang='grc' dir='ltr'><strong>Τ</strong></span> 
     </span>
     <span class='ocr_line' id='line_1_33' title="bbox 112 3114 1133 3185; baseline 0 -17"><span class='ocrx_word' id='word_1_269' title='bbox 112 3121 128 3168; x_wconf 85' lang='lat'>9</span> <span class='ocrx_word' id='word_1_270' title='bbox 142 3114 250 3169; x_wconf 83' lang='lat' dir='ltr'>torbini</span> <span class='ocrx_word' id='word_1_271' title='bbox 263 3115 304 3167; x_wconf 76' lang='lat'><strong>1¹¹.</strong></span> <span class='ocrx_word' id='word_1_272' title='bbox 325 3116 385 3169; x_wconf 89' lang='lat' dir='ltr'>orbi</span> <span class='ocrx_word' id='word_1_273' title='bbox 400 3115 452 3168; x_wconf 70' lang='lat'>1³²1</span> <span class='ocrx_word' id='word_1_274' title='bbox 523 3121 555 3170; x_wconf 92' lang='lat'>10</span> <span class='ocrx_word' id='word_1_275' title='bbox 570 3117 653 3170; x_wconf 91' lang='lat' dir='ltr'>lunae</span> <span class='ocrx_word' id='word_1_276' title='bbox 666 3117 887 3181; x_wconf 71' lang='lat' dir='ltr'>oocrrltnlapz</span> <span class='ocrx_word' id='word_1_277' title='bbox 905 3120 908 3185; x_wconf 80' lang='lat' dir='ltr'>l</span> <span class='ocrx_word' id='word_1_278' title='bbox 925 3117 1105 3170; x_wconf 81' lang='lat' dir='ltr'>altitudinem</span> <span class='ocrx_word' id='word_1_279' title='bbox 1120 3122 1133 3168; x_wconf 82' lang='lat' dir='ltr'>t</span> 
     </span>
     <span class='ocr_line' id='line_1_34' title="bbox 112 3184 1131 3256; baseline 0.001 -17"><span class='ocrx_word' id='word_1_280' title='bbox 112 3184 332 3256; x_wconf 65' lang='lat' dir='ltr'>(Pacidiano)</span> <span class='ocrx_word' id='word_1_281' title='bbox 352 3187 449 3242; x_wconf 81' lang='lat' dir='ltr'>Sabell.</span> <span class='ocrx_word' id='word_1_282' title='bbox 472 3188 552 3241; x_wconf 89' lang='lat' dir='ltr'>latit-</span> <span class='ocrx_word' id='word_1_283' title='bbox 569 3205 606 3243; x_wconf 69' lang='grc' dir='ltr'>νυ</span> <span class='ocrx_word' id='word_1_284' title='bbox 697 3195 728 3242; x_wconf 93' lang='grc'>11</span> <span class='ocrx_word' id='word_1_285' title='bbox 749 3188 778 3240; x_wconf 89' lang='lat' dir='ltr'>in</span> <span class='ocrx_word' id='word_1_286' title='bbox 796 3187 1030 3242; x_wconf 74' lang='lat' dir='ltr'>mucroner²1t².</span> <span class='ocrx_word' id='word_1_287' title='bbox 1054 3204 1131 3241; x_wconf 89' lang='lat' dir='ltr'>-nem</span> 
     </span>
     <span class='ocr_line' id='line_1_35' title="bbox 112 3257 1131 3328; baseline 0 -18"><span class='ocrx_word' id='word_1_288' title='bbox 112 3257 207 3312; x_wconf 75' lang='lat' dir='ltr'>aamS</span> <span class='ocrx_word' id='word_1_289' title='bbox 286 3264 318 3311; x_wconf 76' lang='lat'>12</span> <span class='ocrx_word' id='word_1_290' title='bbox 338 3259 436 3313; x_wconf 88' lang='lat' dir='ltr'>eodem</span> <span class='ocrx_word' id='word_1_291' title='bbox 455 3262 518 3328; x_wconf 82' lang='lat' dir='ltr'>(pro</span> <span class='ocrx_word' id='word_1_292' title='bbox 537 3259 661 3327; x_wconf 79' lang='lat' dir='ltr'>quidem)</span> <span class='ocrx_word' id='word_1_293' title='bbox 680 3259 733 3311; x_wconf 67' lang='lat'>1¹²1</span> <span class='ocrx_word' id='word_1_294' title='bbox 811 3264 843 3313; x_wconf 81' lang='lat'>15</span> <span class='ocrx_word' id='word_1_295' title='bbox 863 3260 981 3313; x_wconf 86' lang='lat' dir='ltr'>diurnae</span> <span class='ocrx_word' id='word_1_296' title='bbox 1000 3261 1057 3313; x_wconf 89' lang='lat' dir='ltr'>oD.</span> <span class='ocrx_word' id='word_1_297' title='bbox 1081 3275 1131 3311; x_wconf 92' lang='lat' dir='ltr'>-na</span> 
     </span>
     <span class='ocr_line' id='line_1_36' title="bbox 112 3329 1131 3392; baseline -0.001 -9"><span class='ocrx_word' id='word_1_298' title='bbox 112 3331 142 3383; x_wconf 80' lang='lat' dir='ltr'>et</span> <span class='ocrx_word' id='word_1_299' title='bbox 160 3347 186 3392; x_wconf 82' lang='lat' dir='ltr'>y.</span> <span class='ocrx_word' id='word_1_300' title='bbox 210 3329 360 3383; x_wconf 86' lang='lat' dir='ltr'>diuturnae</span> <span class='ocrx_word' id='word_1_301' title='bbox 375 3332 425 3384; x_wconf 79' lang='lat' dir='ltr'>lto</span> <span class='ocrx_word' id='word_1_302' title='bbox 498 3331 669 3385; x_wconf 60' lang='lat' dir='ltr'>itermod.</span> <span class='ocrx_word' id='word_1_303' title='bbox 694 3332 778 3384; x_wconf 82' lang='lat' dir='ltr'>etro.</span> <span class='ocrx_word' id='word_1_304' title='bbox 802 3331 907 3383; x_wconf 76' lang='lat' dir='ltr'>incra</span> <span class='ocrx_word' id='word_1_305' title='bbox 981 3336 1013 3383; x_wconf 78' lang='lat'>17</span> <span class='ocrx_word' id='word_1_306' title='bbox 1033 3331 1131 3384; x_wconf 85' lang='lat' dir='ltr'>statim</span> 
     </span>
     <span class='ocr_line' id='line_1_37' title="bbox 112 3399 1131 3469; baseline 0 -16"><span class='ocrx_word' id='word_1_307' title='bbox 112 3400 178 3453; x_wconf 65' lang='lat'>1¹2.</span> <span class='ocrx_word' id='word_1_308' title='bbox 202 3399 270 3453; x_wconf 92' lang='lat' dir='ltr'>-tuti</span> <span class='ocrx_word' id='word_1_309' title='bbox 284 3400 402 3465; x_wconf 78' lang='lat' dir='ltr'>r²on²p</span> <span class='ocrx_word' id='word_1_310' title='bbox 419 3404 422 3469; x_wconf 85' lang='grc'>1</span> <span class='ocrx_word' id='word_1_311' title='bbox 438 3402 575 3455; x_wconf 79' lang='lat' dir='ltr'>menstrui</span> <span class='ocrx_word' id='word_1_312' title='bbox 589 3419 646 3455; x_wconf 92' lang='lat' dir='ltr'>non</span> <span class='ocrx_word' id='word_1_313' title='bbox 659 3419 683 3455; x_wconf 86' lang='lat' dir='ltr'>o.</span> <span class='ocrx_word' id='word_1_314' title='bbox 702 3419 759 3456; x_wconf 91' lang='lat' dir='ltr'>non</span> <span class='ocrx_word' id='word_1_315' title='bbox 772 3418 829 3455; x_wconf 93' lang='lat' dir='ltr'>me·</span> <span class='ocrx_word' id='word_1_316' title='bbox 844 3402 983 3465; x_wconf 65' lang='lat' dir='ltr'>mcum.</span> <span class='ocrx_word' id='word_1_317' title='bbox 1002 3418 1061 3454; x_wconf 90' lang='lat' dir='ltr'>me·</span> <span class='ocrx_word' id='word_1_318' title='bbox 1074 3401 1131 3454; x_wconf 69' lang='lat' dir='ltr'>Flo</span> 
     </span>
    </p>

    <p class='ocr_par' dir='ltr' id='par_1_8' title="bbox 109 3471 1071 3622">
     <span class='ocr_line' id='line_1_38' title="bbox 185 3471 1071 3541; baseline 0.003 -19"><span class='ocrx_word' id='word_1_319' title='bbox 185 3476 219 3523; x_wconf 77' lang='lat'>20</span> <span class='ocrx_word' id='word_1_320' title='bbox 239 3471 377 3541; x_wconf 85' lang='lat' dir='ltr'>scrupulis</span> <span class='ocrx_word' id='word_1_321' title='bbox 391 3473 529 3537; x_wconf 56' lang='lat' dir='ltr'>anons</span> <span class='ocrx_word' id='word_1_322' title='bbox 600 3479 634 3526; x_wconf 78' lang='lat'>24</span> <span class='ocrx_word' id='word_1_323' title='bbox 653 3473 767 3528; x_wconf 82' lang='lat' dir='ltr'>si—‘lb</span> <span class='ocrx_word' id='word_1_324' title='bbox 784 3472 857 3528; x_wconf 81' lang='lat' dir='ltr'>luna</span> <span class='ocrx_word' id='word_1_325' title='bbox 870 3473 1071 3529; x_wconf 54' lang='lat' dir='ltr'>ooon‘aiais</span> 
     </span>
     <span class='ocr_line' id='line_1_39' title="bbox 109 3542 1012 3622; baseline 0.01 -30"><span class='ocrx_word' id='word_1_326' title='bbox 109 3547 145 3593; x_wconf 79' lang='lat'>25</span> <span class='ocrx_word' id='word_1_327' title='bbox 164 3542 246 3592; x_wconf 78' lang='lat' dir='ltr'>tertia</span> <span class='ocrx_word' id='word_1_328' title='bbox 264 3543 381 3613; x_wconf 62' lang='grc' dir='ltr'>ΜΗ),</span> <span class='ocrx_word' id='word_1_329' title='bbox 407 3545 513 3601; x_wconf 86' lang='lat' dir='ltr'>certior</span> <span class='ocrx_word' id='word_1_330' title='bbox 531 3549 559 3602; x_wconf 91' lang='lat' dir='ltr'><em>B</em></span> <span class='ocrx_word' id='word_1_331' title='bbox 570 3549 724 3607; x_wconf 78' lang='lat' dir='ltr'>camBedo</span> <span class='ocrx_word' id='word_1_332' title='bbox 744 3551 900 3622; x_wconf 68' lang='lat' dir='ltr'>intraque</span> <span class='ocrx_word' id='word_1_333' title='bbox 917 3547 1012 3604; x_wconf 66' lang='lat' dir='ltr'>coil</span> 
     </span>
    </p>
   </div>
   <div class='ocr_carea' id='block_1_6' title="bbox 0 0 1217 3848">
    <p class='ocr_par' dir='ltr' id='par_1_9' title="bbox 0 0 1217 3848">
     <span class='ocr_line' id='line_1_40' title="bbox 0 0 1217 3848; baseline 0 0"><span class='ocrx_word' id='word_1_334' title='bbox 0 0 1217 3848; x_wconf 95' lang='lat' dir='ltr'> </span> 
     </span>
    </p>
   </div>
  </div>
 </body>
</html>
