2408 3848
414 818 721 922 11166611

128 1111 169 1164 De
193 1113 288 1166 codice
312 1111 474 1166 Leidensi
497 1110 610 1180 Lipsii
630 1110 690 1163 VII
708 1112 763 1180 (F),
788 1110 901 1178 cognito
923 1108 1015 1161 adhuc
1038 1108 1074 1160 iis

55 1184 168 1235 tantum
192 1182 373 1247 lectionibus,
398 1199 468 1250 quas
487 1182 632 1237 Detleisen
655 1181 763 1251 publici
786 1181 854 1233 iuris
878 1179 947 1232 fecit
967 1180 997 1231 in
1016 1179 1075 1232 edi-

56 1254 135 1306 tione
159 1255 226 1306 anni
251 1261 319 1307 1666
343 1255 507 1322 parcissimo
532 1252 644 1307 delectu
668 1253 831 1317 adnotatas,
860 1251 995 1304 nonnulla
1021 1251 1074 1303 hoc

56 1324 118 1377 loco
134 1341 272 1393 exponere
285 1326 357 1378 utile
371 1326 489 1391 videtur,
505 1342 568 1377 cum
583 1325 617 1377 de
633 1324 693 1378 cius
708 1323 817 1394 origine
832 1325 860 1375 et
873 1322 969 1375 indole
982 1321 1074 1374 Welz-

56 1395 137 1448 hofer
156 1397 357 1450 controversias
376 1397 505 1461 moverit,
531 1397 566 1450 de
587 1396 688 1463 quibus
704 1395 759 1447 nisi
778 1394 903 1462 pleniore
921 1393 1075 1447 lectionum

57 1467 218 1536 cognitione
232 1485 288 1521 non
302 1470 397 1535 potest
411 1485 475 1521 cum
488 1468 585 1534 aliqua
598 1466 801 1536 probabilitate
815 1465 943 1518 iudicari.
972 1464 1075 1518 faciem

55 1538 171 1604 quidem
186 1541 214 1591 et
228 1539 359 1592 habitum
374 1538 479 1592 codicis
493 1541 558 1606 post
573 1537 700 1592 Geclium
715 1538 756 1590 ita
771 1536 921 1604 descripsit
930 1535 1075 1589 Detlefsen

57 1610 87 1661 in
107 1608 281 1663 Fleckeiseni
300 1609 392 1664 annal.
413 1608 484 1662 XCV
505 1613 596 1680 (1866)
615 1628 641 1677 p.
654 1614 767 1676 70666,
786 1610 819 1661 61
838 1609 883 1660 vix
898 1608 965 1660 addi
984 1607 1075 1675 possit
1139 1614 1142 1635 ³

55 1680 133 1748 quod
151 1697 255 1733 novum
274 1684 302 1734 et
320 1681 418 1750 magni
436 1681 571 1734 momenti
591 1681 635 1733 sit.
664 1696 755 1746 neque
770 1695 833 1731 vero
849 1695 917 1747 opus
933 1681 975 1731 661
990 1679 1074 1731 deno-

56 1755 117 1804 tare
135 1751 313 1820 diligentiam
328 1753 499 1806 incuriamve
512 1752 628 1818 variam,
648 1751 697 1804 sed
711 1767 808 1819 parem
822 1749 880 1803 fere
895 1750 1075 1802 inscientiam

57 1823 220 1888 scribarum,
239 1825 288 1892 qui
308 1841 371 1877 suas
391 1824 510 1892 quisquc
527 1823 669 1891 portiones
684 1823 767 1875 unius
782 1821 963 1888 eiusdemque
979 1820 1074 1874 arche-

56 1895 118 1962 typi
137 1897 382 1964 transcripserunt,
402 1898 452 1948 aut
471 1895 582 1948 selectis
602 1893 736 1962 exemplis
754 1892 896 1975 illustrare
911 1892 1075 1974 mendorum

55 1966 1075 2106 11111111111111131111111111111111111111111111ἐὲἕὲῗ

57 2106 124 2158 bula
144 2109 281 2162 exsistant
298 2113 469 2177 portentosa,
489 2125 617 2176 quaeque
637 2107 694 2162 alia
708 2108 763 2161 huc
777 2108 934 2175 pertinent3
953 2123 1020 2159 nam
1039 2105 1075 2158 de

57 2177 188 2230 Leidensi
207 2185 227 2230 F
246 2180 276 2231 in
295 2180 454 2234 universum
473 2181 572 2234 cadem
590 2180 684 2234 valent
699 2195 771 2247 quae
789 2179 824 2233 de
838 2177 1074 2246 BambergensiB

56 2249 86 2299 in
109 2248 162 2300 vol.
182 2249 208 2302 V
231 2268 257 2318 p.
269 2255 387 2318 478666.
412 2252 544 2317 disserui,
569 2267 656 2318 66666
675 2251 817 2319 plerisque
836 2249 980 2303 codicibus
999 2263 1074 2301 com-

56 2319 153 2372 munia
172 2335 232 2373 6666
251 2321 350 2375 solent.
388 2323 438 2375 sed
461 2323 516 2376 tria
539 2323 717 2390 potissimum
736 2324 809 2390 sunt,
829 2336 901 2388 6666
921 2321 1013 2373 adhuc
1032 2318 1074 2371 in·

56 2392 134 2443 66116
152 2408 203 2444 666
222 2392 291 2444 66116
311 2393 456 2461 explorata
474 2394 564 2447 videri
583 2394 712 2446 debeant.

128 2461 252 2515 Primum
275 2464 364 2533 igitur
387 2481 450 2516 cum
473 2465 503 2516 in
524 2464 646 2528 familia,
670 2482 726 2532 qua
744 2468 868 2515 urana
888 2462 1074 2526 continentur,

56 2539 78 2584 D
98 2535 126 2587 61
144 2539 165 2585 F
185 2535 288 2587 artiore
306 2536 483 2603 cognationis
502 2536 613 2589 vinculo
628 2536 737 2588 1666166
753 2551 815 2588 esse
830 2533 915 2586 facile
930 2534 1073 2600 appareat,

55 2603 212 2673 ambigitur
226 2609 329 2672 tamen,
344 2607 418 2660 sitne
431 2610 549 2674 6161666
564 2606 717 2674 6666161116
727 2622 761 2659 ex
775 2604 942 2657 communi
957 2603 1074 2656 arche-

56 2679 139 2743 typo
168 2693 204 2728 an
228 2682 248 2728 F
277 2678 389 2730 demum
413 2694 447 2729 er
469 2684 491 2729 D
515 2677 601 2745 paulo
625 2677 777 2761 vetustiore
805 2675 999 2743 transcriptus.
1041 2690 1075 2726 ac

56 2747 147 2814 611166
167 2749 282 2814 quidem
300 2748 444 2802 Detlefsen
462 2749 584 2816 priorem
603 2748 765 2817 opinionem
783 2747 989 2815 pronuntiavit,
1011 2763 1075 2798 cum

56 2818 157 2871 fratres
176 2835 324 2888 germanos
344 2837 390 2873 666
410 2820 574 2887 6666116161,
594 2821 693 2887 666166
712 2836 775 2872 1616
795 2819 914 2872 61161616
929 2817 1075 2886 amplexus

56 2891 111 2953 est,
137 2907 200 2942 cum
223 2890 358 2944 mirificae
382 2890 576 2944 similitudinis
600 2890 706 2944 indicia
730 2890 869 2958 quaedam
893 2892 1008 2942 externa
1028 2887 1075 2941 de·

56 2960 264 3029 prehendisset,
289 2963 391 3030 quibus
410 2968 430 3014 F
449 2980 505 3016 666
524 2962 652 3026 fratrem,
673 2962 723 3015 sed
742 2961 830 3014 filium
849 2977 909 3014 6666
929 2960 1033 3013 codicis
1053 2965 1075 3010 1>

55 3032 147 3084 evinci
161 3033 302 3086 videretur
316 3033 376 3103 (cfr.
392 3033 458 3086 edit.
469 3033 523 3086 vol.
533 3033 572 3086 IV
581 3033 668 3102 praef.
680 3032 722 3102 V).
751 3049 837 3101 quarn
845 3032 1076 3086 retractationem

56 3102 182 3156 studiose
197 3106 372 3173 oppugnavit
382 3104 550 3169 Welzbofer‚
566 3104 615 3173 qui
629 3120 822 3172 quaecumque
832 3103 934 3157 mentis
945 3103 1075 3156 acumine

56 3174 187 3243 indagari
205 3179 323 3243 possunt
342 3176 411 3230 scite
431 3177 593 3244 compositis
612 3176 671 3245 (cfr.
691 3176 806 3244 Beitrag
820 3193 846 3243 p.
859 3177 969 3242 26666.)
989 3189 1075 3244 nega-

55 3245 97 3298 vit
119 3245 226 3300 indicia
249 3247 300 3300 illa
323 3248 360 3300 ad
378 3248 605 3315 persuadendum
624 3247 751 3301 efficacia
772 3263 840 3300 6666.
869 3247 981 3299 addidit
999 3247 1075 3298 idem

56 3335 82 3384 6.
95 3323 127 3370 29
148 3319 272 3386 quinque
290 3318 425 3376 lectiones
444 3318 509 3371 libri
528 3319 553 3371 H
571 3335 605 3371 ex
619 3318 752 3372 editionis
766 3317 921 3371 Detlefseni
936 3321 1075 3387 apparatu

56 3389 232 3458 desumptas,
257 3407 375 3457 quarum
399 3390 527 3443 dissensu
546 3396 567 3442 F
589 3390 733 3458 propriam
756 3406 789 3443 ac
813 3406 892 3442 suam
912 3388 966 3442 sibi
985 3388 1075 3440 vindi-

56 3461 134 3512 caret
153 3476 186 3513 61
204 3461 265 3528 1666
286 3461 438 3530 archetypo
463 3461 603 3515 communi
623 3461 768 3530 originem.
806 3462 856 3514 sed
875 3460 988 3514 sinistro
1007 3476 1075 3513 casu

56 3531 206 3595 acciderat,
226 3535 259 3584 ut
277 3532 330 3586 hae
349 3532 484 3585 lectiones
502 3550 559 3586 non
573 3536 704 3586 accurate
719 3534 812 3585 essent
825 3533 856 3584 in
871 3532 995 3585 editione
1010 3548 1075 3584 eno-

56 3603 141 3655 tatae.
167 3603 296 3657 omnibus
316 3605 390 3657 enim
409 3610 430 3655 F
449 3621 513 3657 cum
531 3612 552 3656 1)
571 3602 1096 3674 6166166666666616616166611616
