2408 3848
84 202 233 256 muntem]
431 192 515 246 NAT.
535 192 625 247 HIS'P.
643 192 657 246 I
675 203 754 255 (vm)
1061 193 1104 256 25

91 362 127 422 de
150 361 248 422 bubus
273 365 326 433 (⁷0.
352 365 395 432 71)
625 361 721 421 mella.
776 361 914 440 Vergilio.
967 359 1106 420 Varrone.

111 452 262 530 generatio
287 468 399 510 eorum.
584 470 610 512 eo
624 449 747 510 Lucilio.
794 449 911 510 Metello
957 451 1105 530 Scipione.

110 541 181 620 Apis
204 541 236 600 in
258 541 389 618 Aegypto
414 543 469 611 (71)
624 538 760 599 Cornelio
822 539 917 600 Celso.
976 540 1104 618 Nigidio.

87 647 231 710 pecorum
254 636 360 688 natura
384 632 510 700 (tn-to)
623 628 732 688 Trehio
742 627 841 708 Nigro.
851 629 1014 708 Pomponio
1022 629 1104 689 Mela.

57 740 70 780 8
109 719 261 796 generatio
273 735 385 777 eorum.
405 735 514 795 genera
529 717 569 776 la·
623 717 752 778 Mamilio
777 718 861 778 Sura.

108 825 165 868 nae
190 814 220 867 et
242 806 376 866 colorum
400 810 455 879 (73)

109 914 219 975 genera
241 897 370 956 vestium
394 899 450 966 (74)

65 996 70 1005 ·’
86 1003 245 1064 caprarum
280 992 384 1045 natura
418 991 448 1044 et
480 1002 569 1062 gene·

87 1076 164 1153 ratio
188 1078 242 1146 (76)

43 1189 71 1234 10
87 1181 176 1224 suum
200 1165 270 1223 item
295 1167 350 1234 (aa)

87 1252 123 1313 de
147 1252 221 1312 seris
244 1250 345 1312 subus.

86 1343 155 1420 quis
187 1343 302 1420 primus
333 1341 444 1400 vivaria
477 1340 568 1400 hesti-

86 1449 172 1491 arum
195 1431 361 1490 instituerit
384 1432 438 1501 (78)

88 1519 125 1580 de
150 1521 245 1579 simiis
270 1522 325 1590 (80)

44 1630 71 1670 88
88 1608 125 1669 de
148 1607 284 1687 leporum
307 1607 468 1686 generibus
492 1611 546 1679 (81)

88 1697 126 1758 de
149 1697 298 1757 semiferis
318 1696 494 1757 animalibus
514 1700 584 1769 (82)—

87 1805 164 1866 quae
193 1785 304 1864 quihus
331 1785 405 1846 loeis
432 1785 569 1846 animalia

87 1894 148 1935 non
173 1877 233 1935 sint
255 1879 310 1946 (88)

86 1963 140 2025 ubi
178 1971 208 2024 et
244 1981 319 2042 quae
354 1963 475 2024 advenis
507 1970 570 2023 tan·

43 2076 73 2116 eo
87 2062 152 2114 tum
181 2060 315 2112 noceant..
362 2052 414 2113 uhi
442 2059 472 2112 et
496 2071 571 2130 quae

86 2141 238 2220 indigenis
261 2148 376 2202 tantum
401 2146 455 2214 (84)

88 2231 223 2291 Summa:
249 2250 299 2291 res
322 2238 352 2291 et
375 2231 517 2290 historiae
541 2238 571 2290 et

781 874 954 922 exarsurus

583 970 609 1011 88
624 949 694 1009 luha
710 967 788 1026 rege.
802 949 932 1028 Polybio.
947 949 1105 1010 Herodoto.

623 1039 786 1117 Antipatro.
810 1039 977 1099 Aristotele.
999 1039 1104 1099 Deme-

623 1127 1104 1206 triophysico.llemocrito.'l'heo·

625 1216 754 1294 phrasto.
776 1216 919 1277 Euanthe.
940 1218 1035 1296 Scopa
1054 1220 1106 1296 qui

623 1302 878 1380 Ὀλυμπιονίκας.
887 1305 1015 1366 Hierone
1026 1324 1105 1385 rege.

582 1416 609 1456 eo
622 1394 719 1454 Attalo
729 1413 808 1472 rege.
820 1394 1019 1455 Philometore
1027 1413 1105 1474 rege.

625 1482 730 1543 Ctesia.
792 1483 912 1544 [lurido.
972 1484 1105 1544 Philisto.

623 1573 759 1652 Archyta.
787 1573 960 1652 Phylarcho.
984 1573 1105 1652 Amphi·

624 1661 709 1721 loeho
750 1662 909 1722 Athenaeo.
951 1663 1106 1741 Anaxipoli

624 1750 741 1810 Thasio.
768 1750 945 1830 Apollodoro
973 1751 1105 1811 Lemnio.

584 1859 611 1900 48
625 1839 821 1919 Aristophane
829 1839 1106 1919 Milesio.Antigono

626 1927 760 2007 Cymaeo.
815 1929 974 2008 Agathocle
1024 1928 1105 1989 Chio.

624 2017 778 2097 Apollonio
815 2018 1007 2096 Pergameno.
1043 2020 1106 2077 Ari·

625 2106 746 2167 standro
784 2107 942 2167 Athenaeo.
979 2106 1106 2167 Baeohio

625 2195 748 2256 Milesio.
763 2195 856 2257 Bione
872 2196 1002 2256 Solense.
1014 2195 1105 2255 Chae·

88 2320 311 2380 observationes
333 2284 1106 2453 ”CCLXXXWL¹⁵⁰lllen00llllrll120‘c010lllllssss'

186 2476 233 2521 Ex
256 2475 476 2523 nvcromssvs
625 2461 757 2542 Epigono
802 2462 925 2523 Rhodio.
967 2462 1106 2542 Euagone

43 2573 72 2613 25
87 2550 233 2611 Muciano.
284 2551 420 2611 Procilio.
467 2550 570 2611 Verrio
625 2551 741 2611 Thasio.
761 2551 934 2631 Euphronio
947 2552 1106 2612 Athenaeo.

87 2639 202 2701 Flacco.
231 2639 262 2699 L.
290 2639 406 2700 Pisone.
433 2639 570 2700 Cornelio
625 2639 751 2718 Hegesia
770 2641 917 2701 Maroneo.
936 2640 1106 2702 Menandris

86 2729 252 2789 Valeriano.
285 2728 396 2789 Catone
426 2731 570 2789 censorio.
586 2749 611 2791 88
625 2729 751 2790 Prieneo
767 2738 796 2790 et
810 2729 992 2790 Heracleote.
1007 2730 1106 2790 Mene·

87 2818 263 2880 Fenestella.
274 2817 379 2896 Trogo.
391 2820 473 2878 actis.
486 2816 571 2878 Colu·
627 2826 707 2879 orate
731 2828 826 2899 poeta.
849 2819 1030 2880 Androtione
1055 2822 1107 2898 qui

161 3013 177 3060 2
192 3022 289 3060 earum
299 3026 316 3059 e
390 3011 422 3060 10
433 3007 577 3077 generatio
588 3024 669 3060 suum
678 3027 702 3060 a.
718 3025 798 3061 suum
808 3007 971 3078 itemposto
982 3008 1107 3062 colorum

82 3083 179 3149 poten
257 3084 291 3132 14
310 3078 345 3132 de
364 3078 498 3132 simiis-
509 3077 660 3148 generibus
678 3084 758 3133 omit
836 3085 868 3132 16
888 3080 1106 3134 de-animali-

86 3149 141 3203 bus
160 3155 224 3203 onte
242 3149 277 3202 de
296 3149 385 3204 simiis
404 3152 607 3218 poenatem
691 3156 724 3203 23
744 3149 977 3205 DCOLXXXVHI
995 3151 1111 3205 110οΗ

160 3226 194 3273 30
218 3220 452 3276 1081011ΤοοῊ
556 3225 589 3274 38
614 3237 699 3291 scope
718 3224 748 3276 D
762 3239 775 3276 e
788 3222 891 3277 conl-I.
910 3224 960 3290 afr.
976 3221 1055 3276 VIII
1061 3227 1105 3276 82.

86 3308 178 3361 apoca
195 3292 222 3347 ll.
241 3291 308 3345 -cha
322 3310 346 3348 0.
364 3292 491 3362 Agriopa
508 3293 534 3346 G
606 3297 639 3346 39
659 3293 862 3362 olympionicas
879 3293 912 3347 G.
932 3310 989 3347 -ces
1003 3299 1106 3349 ΡΜ.

85 3379 132 3435 -cp
147 3367 176 3416 Ε.
197 3378 241 3417 -88
255 3368 285 3415 R.
305 3379 351 3417 -eo
365 3381 389 3418 0.
404 3380 451 3416 -08
465 3362 578 3432 scm'psit
593 3370 633 3416 ᾱΤ
719 3370 753 3417 40
768 3363 865 3418 Attalo
880 3380 946 3434 rege
961 3369 1105 3419 ommi.

84 3450 154 3503 rege
173 3433 252 3489 0088
270 3435 274 3505 (
294 3433 466 3488 Philometro
485 3441 512 3489 τ.
538 3436 746 3504 -tre1‘·lrege
765 3437 848 3490 om.J.
872 3435 940 3489 item
960 3454 975 3490 0
995 3436 1105 3490 a.Brot.

85 3507 138 3572 cfr.
149 3507 254 3559 Brona
258 3523 289 3574 p.
296 3509 331 3560 15
403 3511 436 3558 51
452 3506 567 3575 prieneo
582 3509 688 3575 (pyrre-
698 3510 724 3575 e)
735 3508 792 3561 (1.0.
808 3523 892 3560 -noeo
902 3507 928 3559 L
1001 3511 1034 3559 64
1049 3521 1107 3558 me-

85 3576 189 3631 nandri
208 3582 238 3632 11.
257 3575 320 3630 -dro
341 3577 475 3632 00000.
491 3578 664 3644 001081.Χῖ
751 3582 786 3632 bh
803 3577 943 3650 pxieuueo
957 3578 1030 3630 mi.
