2408 3848
121 183 184 238 XIV
419 183 602 237 NOTARVM
620 182 834 237 EXPLICATIO

120 343 240 397 molesta
262 343 379 412 negotia
401 343 511 397 edituro
535 342 681 397 facessere.
719 360 772 413 ego
797 344 851 397 etsi
872 359 986 412 operam
1005 343 1084 409 dedi,
1107 347 1144 397 ut

122 414 248 468 codicum
269 415 438 483 scripturam
456 413 578 468 fideliter
595 418 689 469 tuerer
708 419 737 468 et
754 415 870 468 nomina
889 431 922 468 ac
937 432 1067 469 numeros
1082 415 1139 469 leni

121 485 231 540 medela
252 485 438 555 probabiliter
456 486 635 539 emendarem
653 485 789 540 librorum
807 488 887 540 textu
906 487 1018 540 assidue
1037 486 1143 540 collato

120 557 313 624 numerisque,
341 558 436 625 quoad
459 557 519 610 eius
542 557 602 610 fieri
629 560 737 625 posset,
764 558 953 626 computando
977 557 1142 625 exploratis,

119 627 236 681 memini
250 630 354 696 tamen,
370 631 507 697 quantum
519 627 595 681 absit
602 631 636 681 ut
645 627 730 681 Plinii
739 645 854 682 manum
863 629 1020 682 restituisse
1029 628 1141 682 videar:

119 699 173 752 hoc
186 717 274 752 unum
289 716 378 768 spero,
393 717 449 752 non
463 699 523 752 fore
536 702 570 752 ut
582 715 646 753 mea
660 715 745 768 opera
760 699 873 753 omnino
887 700 991 754 sterilis
1006 701 1035 753 et
1046 699 1141 753 inanis

120 769 207 824 fuisse
221 771 370 825 iudicetur.
393 771 562 838 praeoedere
576 769 629 824 hac
643 771 689 824 via
702 770 808 839 primus
820 770 921 839 coepit,
935 774 968 824 ut
983 770 1139 840 significavi

119 860 146 910 p.
156 848 198 907 97,
209 841 371 896 Harduinus
381 840 523 895 Parisinos
538 843 675 908 quosdam
690 842 799 895 codices
810 844 930 908 secutus,
946 842 995 896 sed
1004 842 1139 896 lemmata

121 912 178 966 alia
197 913 380 982 transposuit,
399 912 457 966 alia
475 913 596 966 mutavit
614 912 767 980 multisque
787 912 822 966 ab
841 913 903 981 ipso
922 913 995 966 fictis
1010 916 1039 966 et
1052 913 1140 966 inter-

121 983 202 1038 iectis
221 983 364 1053 supplevit
383 998 455 1052 quae
474 983 572 1037 abesse
592 985 618 1036 ei
636 983 811 1038 videbantur.
845 1000 876 1038 re
895 984 930 1038 de
949 984 1060 1053 integro
1079 1002 1138 1037 sus-

121 1058 203 1124 cepta
216 1055 344 1124 pluribus
359 1054 579 1123 melioribusque
594 1055 727 1108 subsidiis
739 1054 821 1125 Sillig
835 1055 957 1109 severius
970 1072 1000 1109 se
1010 1054 1138 1108 codicum

120 1127 289 1180 auctoritate
318 1126 449 1179 astrinxit
472 1129 513 1192 et,
542 1142 712 1194 quamquam
736 1125 848 1195 singula
870 1126 961 1179 multa
984 1143 1040 1179 non
1062 1128 1140 1179 recte

120 1197 329 1251 administravit
347 1215 447 1266 parum
465 1200 614 1265 perspecta
634 1197 762 1251 codicum
780 1199 889 1251 ratione
908 1197 1055 1262 intricata,
1075 1198 1139 1250 uni-

120 1285 199 1322 versa
212 1272 307 1322 tamen
325 1268 495 1322 recensionis
509 1268 695 1322 fundamenta
710 1268 856 1322 stabilivit.
886 1267 1021 1322 nonnulla
1035 1268 1139 1322 deinde

119 1339 169 1393 Ian
184 1340 312 1406 conexit,
326 1340 356 1392 in
371 1339 435 1392 aliis
451 1340 562 1403 erravit,
577 1356 640 1393 curn
655 1339 798 1394 codicibus
810 1345 850 1392 dr
864 1339 983 1400 nimium
992 1339 1138 1405 tribueret,

120 1411 180 1464 iure
199 1411 234 1465 ob
253 1411 283 1462 id
301 1410 486 1479 reprehensus
506 1410 542 1463 ab
552 1410 692 1465 Vrlichsio
709 1411 739 1463 in
753 1409 928 1464 Fleckeiseni
943 1411 1036 1466 annal.
1050 1410 1139 1464 IXXI

119 1500 146 1550 p.
162 1487 213 1534 257
225 1500 284 1550 sqq.
310 1485 452 1550 postremo
467 1481 612 1535 Detlefsen
627 1484 767 1551 apparatu
780 1497 951 1552 magnopere
965 1481 1138 1552 amplificato

119 1571 185 1608 usus
210 1554 246 1607 ad
270 1554 416 1620 antiquam
440 1553 565 1606 indicum
589 1553 708 1607 formam
730 1553 857 1622 proxime
876 1553 1006 1618 accessit,
1030 1553 1137 1606 relictis

119 1627 215 1679 tamen
234 1625 412 1692 quibusdam,
431 1624 461 1677 in
480 1624 582 1691 quibus
600 1624 677 1678 ultra
694 1624 756 1678 Iani
774 1623 881 1693 placita
899 1641 955 1677 non
973 1640 1137 1694 progressus

119 1698 169 1749 est.
196 1697 302 1749 veteres
318 1696 432 1763 quidem
447 1699 512 1748 ante
526 1695 702 1749 Harduinum
717 1695 838 1749 editores
853 1697 999 1750 auctorum
1013 1698 1137 1749 tantum-

119 1767 202 1821 modo
216 1767 323 1821 indices
338 1766 509 1821 eoodicibus
520 1767 644 1836 integros
654 1766 712 1821 fere
721 1769 893 1835 receperant,
908 1769 1137 1835 argumentorum

120 1838 255 1892 lemmata
282 1836 357 1891 varie
384 1838 519 1891 mutando
546 1842 575 1892 et
597 1838 726 1908 augendo
751 1841 801 1892 aut
824 1838 997 1906 amputando
1021 1838 1137 1892 aliterve

120 1909 275 1962 ordinando
294 1908 467 1978 interpolata
486 1909 630 1977 dederant,
648 1911 682 1962 ut
699 1909 783 1978 plane
802 1909 866 1963 novi
886 1911 915 1962 et
929 1908 1015 1962 alieni
1029 1909 1137 1963 indices

120 1981 376 2047 circumferrentur,
405 1997 475 2048 quos
502 1979 653 2034 verisimile
681 1982 724 2033 est
751 2011 784 2019 -
812 1980 868 2032 nisi
890 1980 995 2033 fallunt
1016 1980 1136 2049 vestigia

119 2052 149 2104 iu
176 2050 285 2104 ultimis
312 2051 392 2104 libris
419 2051 523 2105 codicis
547 2070 563 2103 a
587 2051 670 2105 obvia
693 2083 727 2092 —
750 2051 780 2104 in
803 2051 957 2120 exemplari
981 2051 1075 2119 aliquo
1100 2051 1137 2106 ab

119 2122 232 2176 homine
252 2123 334 2176 docto
353 2122 441 2176 medii
460 2122 522 2176 aevi
540 2140 590 2177 suo
610 2122 727 2176 arbitrio
747 2122 888 2176 confectos
907 2137 975 2175 esse.

521 2314 733 2322 ——ss-

354 2465 591 2539 NOTARVM
620 2464 902 2537 EXPLIOATIO

87 2711 89 2714 ·
119 2709 144 2744 a.
160 2716 193 2735 =
210 2693 283 2744 ante.
654 2709 669 2745 r·
690 2717 723 2736 =
744 2690 846 2759 reliqui
881 2691 991 2746 codices
1023 2693 1136 2761 praeter

118 2762 183 2815 odd.
199 2788 232 2806 =
248 2761 336 2827 addit,
357 2763 475 2830 addunt,
492 2763 599 2817 addito.
690 2778 750 2831 eos,
774 2761 823 2830 qui
845 2762 881 2815 ad
900 2764 1019 2817 eandem
1037 2762 1135 2817 lectio-

119 2835 189 2887 com'.
205 2859 239 2877 =
255 2833 383 2901 coniecit,
404 2834 572 2888 coniectura.
689 2849 753 2887 nem
772 2834 901 2887 adnotati
920 2838 992 2888 sunt.

118 2920 186 2958 corr.
203 2931 236 2948 =
252 2905 379 2969 correxit,
400 2907 565 2959 correctura.
653 2922 707 2959 ras.
723 2932 756 2950 =
771 2921 877 2958 rasura.

119 2975 168 3029 dcl.
185 3001 218 3019 =
235 2974 338 3042 delevi,
361 2976 478 3042 delevit,
497 2976 598 3030 deleto.
653 2994 717 3030 o=
732 2978 838 3030 veteres
855 2975 976 3030 editores
991 2974 1035 3028 vel
1048 2974 1134 3029 lectio

119 3046 180 3099 dist.
196 3073 230 3091 =
246 3045 370 3112 distinxi,
390 3047 526 3100 distinxit.
689 3047 804 3116 vulgata
822 3047 888 3101 inde
906 3063 922 3100 a
936 3046 1134 3100 vetustissimis

119 3117 168 3171 lac.
184 3144 218 3161 =
232 3116 371 3170 lacunam.
689 3117 860 3172 editionibus
887 3135 977 3186 usque
1001 3119 1037 3172 ad
1060 3118 1134 3171 hanc

118 3189 146 3242 ll.
162 3215 196 3234 =
210 3187 277 3241 libri
299 3204 385 3242 manu
406 3189 505 3259 scripti
523 3193 599 3242 ΔΜ
689 3191 739 3243 aut
762 3190 799 3242 ad
818 3205 893 3258 eam,
917 3205 990 3256 quae
1007 3206 1065 3242 una
1084 3188 1133 3242 ed-

154 3264 260 3326 RdEa,
305 3264 444 3329 quotquot
487 3277 598 3328 quoque
687 3262 786 3314 notata
814 3263 869 3327 est,
899 3259 976 3314 velut
1003 3261 1085 3316 vaG
1098 3287 1132 3305 =

153 3329 215 3384 loco
230 3331 327 3384 collati
341 3334 370 3386 et
378 3332 598 3399 uniuscuiusque
687 3334 793 3386 veteres
817 3334 883 3386 ante
902 3330 1062 3398 Gelenium3
1085 3349 1133 3386 oa.

153 3418 190 3470 pa
214 3401 276 3455 'nae
283 3403 313 3455 in
321 3404 447 3472 margine
455 3403 597 3472 superiore
690 3404 776 3473 Gffl)
792 3429 825 3449 =
841 3406 965 3457 veterum
991 3405 1056 3456 ante
1081 3401 1132 3456 Ge-

155 3472 199 3542 sig
212 3473 234 3526 's
253 3473 373 3527 indicati
391 3477 463 3528 sunt.
687 3474 793 3528 lenium
816 3474 914 3541 lectio,
941 3475 1073 3528 revocata
1096 3473 1132 3527 ab

119 3561 169 3598 cm.
185 3570 219 3589 =
234 3545 337 3613 omisit,
357 3545 467 3599 omisso.
688 3546 842 3600 Harduino.

91 3628 208 3673 praem,
225 3639 262 3658 =
272 3616 442 3683 praemisso.
824 3657 958 3667 --
