2408 3848
69 165 135 230 550
486 163 672 217 APPENDIX

70 326 179 394 Syenen
204 342 221 378 a
243 325 333 380 latere
351 323 485 390 Arabiae,
509 325 551 377 ita
574 341 608 379 ex
632 323 748 378 adverso
775 325 916 383 insulam
935 330 1040 386 Philas
1058 347 1099 386 esa

69 397 238 465 Aethiopiae
256 396 358 450 linem?
390 397 437 449 fac
455 395 507 449 1111
525 411 617 449 errore
636 396 787 477 acceptum
806 413 880 454 esse
899 419 959 470 pro
978 403 1035 457 INI
1052 401 1099 457 etl

69 486 119 538 pro
139 469 173 521 F:
197 469 327 521 nascetur
344 466 479 520 INSVLA
498 465 572 519 FINI
593 469 622 520 et
640 466 740 520 addita
759 466 784 520 Τ
804 466 918 527 littera
938 475 1040 530 innata
1055 476 1101 542 finit

70 541 176 594 Philae.
196 570 231 578 -
250 545 265 605 5
278 537 316 592 64
335 538 421 592 verba
435 539 507 608 qaod
521 539 573 593 alil
586 537 809 593 Heracleoticnnn
824 540 1004 600 Mommsen
1019 545 1100 601 Solin¹

69 611 157 680 praef.
182 630 208 680 p.
229 610 251 663 L
269 629 296 663 n.
328 610 429 663 statuit
455 611 531 663 reete
560 609 756 679 subiungenda
785 609 886 668 fuisse
917 618 1101 687 superioribas

65 685 194 751 proclam
203 682 393 736 Alexandriae
404 682 542 749 Canopico
556 681 585 735 et
599 680 640 733 sio
654 696 714 734 esse
729 679 766 734 ab
776 681 845 750 ipso
856 684 964 743 Plinio
975 689 1101 759 supplan,

71 755 120 808 sed
140 753 224 822 culpa
242 752 350 806 librarii
369 752 438 818 eius,
458 753 507 820 qui
526 751 552 805 ei
572 767 689 804 amana
702 754 784 817 esset,
805 771 904 822 prave
921 758 1039 814 inserta
1052 763 1102 814 anto

71 824 190 879 alterum
202 825 347 893 Canopica,
362 823 411 877 ubi
425 840 499 876 nunc
514 825 587 876 sunt.
598 855 632 864 —
642 828 658 887 5
668 822 704 876 67
720 824 860 881 seleuciae
872 831 979 896 pterea
988 834 1102 901 (pariat

71 896 111 948 sic
130 898 242 964 praeter
256 897 325 964 llll)
339 894 406 948 libri
421 911 525 948 omnes.
558 894 648 963 possit
662 895 833 962 permutatis
850 900 1103 957 terminatimbup

70 967 182 1021 restitui
196 967 320 1022 Seleucia
334 969 453 1032 Pieriae,
471 969 504 1019 ut
517 968 663 1020 Σελεύκεια
676 965 791 1033 Πιερία(
806 969 893 1035 apud
908 971 992 1028 Ptol.
1006 975 1028 1028 V
1040 979 1102 1040 14,a

72 1071 105 1078 —
129 1045 144 1103 5
164 1036 201 1094 74
228 1041 424 1101 intercursant,
454 1036 489 1090 ob
517 1037 609 1105 ipsam
636 1037 783 1091 raritatem
809 1037 931 1096 formae
958 1045 1103 1100 obnoxiam

70 1110 199 1164 variandi
219 1109 322 1173 studio,
341 1110 400 1163 veri
419 1107 539 1161 similius
557 1111 600 1160 est
614 1124 699 1175 quam
713 1110 913 1166 intercurrant
928 1118 1103 1171 commenda

71 1183 172 1251 turque
193 1180 262 1234 locis
282 1180 338 1232 his:
362 1179 462 1232 111151
482 1181 680 1248 aestuariisque
700 1223 704 1232 .
722 1222 727 1232 .
747 1181 1029 1256 intermeantibus,
1049 1190 1104 1242 item

71 1253 134 1306 XIV
145 1259 178 1305 42
196 1253 274 1318 follia
292 1254 321 1304 et
335 1249 385 1302 XV
396 1255 429 1304 88
450 1252 540 1321 lipnea
559 1252 724 1317 membrana,
743 1266 795 1304 nee
814 1251 907 1308 aliter
924 1259 1104 1314 scribendum

72 1328 115 1378 est
129 1323 244 1376 XXVIII
255 1322 309 1375 lll
331 1324 398 1374 extr.
419 1324 465 1376 cal
482 1322 577 1376 nnllns
595 1323 669 1376 allas
687 1324 758 1377 colos
772 1324 1042 1386 intercursanerit
1056 1334 1104 1402 (pro

72 1396 271 1461 incnrsnoerit).
302 1425 335 1432 -
364 1393 437 1458 §tc
465 1393 539 1475 inter
566 1393 630 1447 inde
658 1395 687 1446 et
714 1394 832 1474 Sarepta
863 1397 969 1453 delevi
999 1404 1105 1458 Idaeam

71 1464 1037 1604 tttllllllttatt{tlttttgltttltlttttttt
1050 1491 1105 1599 tl

72 1609 224 1680 genuinum
248 1610 302 1670 est,
327 1606 446 1676 cogitari
469 1606 559 1675 possit
582 1607 685 1673 Elaea,
709 1624 793 1675 quam
817 1606 990 1668 Phoenices
1015 1617 1105 1670 urbem

72 1681 146 1735 inter
160 1679 265 1746 Tyrum
282 1681 310 1730 et
325 1677 457 1731 Sidonem
472 1678 555 1730 sitam
570 1677 666 1746 Steph.
677 1678 740 1746 Bya.
757 1696 777 1731 s.
792 1696 817 1731 v.
833 1694 848 1730 c
865 1680 1000 1740 Philone
1015 1688 1105 1742 tradit.

73 1784 106 1791 -
126 1758 141 1817 5
158 1751 192 1805 77
214 1752 406 1804 interveniente
424 1751 494 1803 calle
512 1749 582 1802 miro
602 1765 693 1802 errore
712 1749 853 1805 Senullo
872 1754 983 1811 codice
999 1757 1105 1812 nullave

73 1822 197 1877 editione
215 1821 335 1890 recepit,
355 1821 404 1874 sed
424 1837 457 1874 ex
477 1819 660 1874 adnotatione
679 1819 817 1874 Harduini
836 1825 939 1878 nescio
963 1846 1027 1896 qno
1047 1847 1106 1884 caru

73 1895 225 1948 dictionem
249 1893 279 1945 in
300 1892 433 1945 lemmate
451 1891 595 1944 variantis.
615 1923 647 1930 -
668 1898 683 1956 5
700 1891 736 1945 78
755 1908 805 1961 pro
825 1893 961 1952 ducentia
977 1903 1106 1969 pascatur

73 1965 180 2018 MGGm
193 1965 206 2017 Ι
220 1983 247 2032 p.
259 1964 325 2017 472¹>
340 1963 461 2016 coniecit
472 1968 548 2022 13.oe
562 1979 595 2016 ex
608 1962 711 2031 viginti
725 1963 825 2016 stadiis
840 1968 923 2032 apud
934 1969 1037 2026 Strab,
1049 1970 1106 2026 XVI

73 2055 99 2105 p.
117 2043 167 2090 753
185 2039 266 2090 extr:
288 2035 388 2103 Scylax
405 2040 455 2087 104
474 2050 539 2088 vero
554 2037 583 2088 et
597 2033 709 2087 Diodor.
725 2034 875 2098 xxxmo,
894 2043 910 2090 6
927 2044 1001 2096 octo
1019 2044 1107 2098 stadia

73 2109 131 2161 sive
147 2112 215 2160 1000
235 2124 334 2176 passus
353 2106 484 2174 produnt.
513 2106 615 2173 quodsi
629 2105 750 2160 similem
764 2105 808 2158 his
823 2108 979 2165 auctorem
996 2119 1107 2169 secutus

73 2183 116 2234 est
129 2179 246 2242 Plinius,
265 2195 384 2245 pronum
404 2179 447 2229 est
465 2193 499 2229 ex
516 2178 561 2232 CO
574 2176 667 2230 facere
682 2193 730 2232 00.
746 2209 779 2216 -
794 2176 855 2242 581
873 2178 953 2234 bene
971 2184 1106 2240 Gelenius

72 2257 109 2316 et,
133 2251 206 2304 narde
232 2251 389 2318 Cyrrestice,
416 2249 545 2317 Cyrrnrn,
569 2264 634 2300 nam
658 2247 728 2302 haec
748 2249 902 2317 descriptio
923 2269 989 2308 non
1011 2259 1107 2311 ordine

73 2324 115 2392 (ut
142 2322 184 2375 ita
212 2321 313 2387 dicam)
340 2319 542 2388 geographico,
571 2319 621 2373 sed
645 2318 822 2388 alphabetico
846 2325 988 2388 procedit
1014 2332 1045 2382 et
1069 2331 1108 2383 est

73 2394 110 2448 ed
122 2410 181 2447 rem
192 2392 376 2461 aptissimum,
392 2393 424 2443 ut
434 2389 714 2444 anteaOhaloidenae
724 2391 855 2460 regionis,
871 2392 914 2445 sic
922 2393 1108 2462 Cyrresticae

73 2480 184 2533 quoque
198 2480 300 2516 nomen
314 2462 456 2530 explicari.
470 2494 502 2500 -
514 2468 528 2526 5
540 2461 577 2514 83
592 2461 690 2514 malim
702 2462 775 2534 (nt)
786 2463 918 2518 Licinias
929 2465 973 2518 M
970 2473 1108 2537 acinam

73 2537 110 2590 ad
124 2535 355 2604 perspicuitatem
370 2535 526 2586 structurae
536 2533 695 2586 necessaria
710 2536 753 2586 est
766 2532 917 2602 particula,
934 2554 1031 2604 quam
1044 2546 1109 2596 ante

74 2607 179 2661 similes
203 2606 313 2660 litteras
337 2607 372 2658 lic
395 2604 501 2673 fugisse
526 2603 619 2657 oculos
643 2620 699 2656 non
717 2605 819 2657 mirum
838 2606 890 2658 est.
911 2638 945 2646 -
971 2611 1048 2675 §84
1068 2614 1109 2666 in.

73 2679 210 2732 solentem
237 2678 356 2731 formam
382 2676 515 2729 adiectivi
537 2692 687 2730 caenosam
709 2676 817 2745 recepit
840 2676 882 2741 D3
912 2694 970 2747 ego
999 2684 1109 2738 retinui

72 2750 216 2818 vulgarem
241 2752 269 2803 et
293 2747 434 2802 constanti
457 2764 509 2800 usu
529 2747 733 2799 confirmatam:
758 2747 806 2800 cfr.
822 2746 872 2800 XV
882 2753 927 2800 24.
952 2749 1056 2808 XVIII
1066 2762 1108 2809 46,

74 2827 133 2875 299.
153 2821 216 2873 XIX
226 2826 268 2874 48.
288 2820 339 2873 XX
350 2825 391 2872 13.
403 2824 463 2871 255.
483 2818 547 2870 XXI
558 2824 616 2870 175.
636 2817 713 2870 XXII
723 2824 764 2871 19.
785 2818 930 2871 XXVIII.
951 2819 1055 2879 XXVI
1066 2833 1108 2880 57.

73 2893 176 2946 XXVII
187 2898 246 2946 125.
263 2897 322 2944 134.
347 2890 436 2943 XXXI
445 2894 487 2942 48.
530 2906 596 2942 nam
624 2890 756 2942 mendose
783 2891 933 2955 farnesiani
959 2897 1109 2965 scriptum

73 2980 134 3018 esse
157 2980 207 3032 pro
231 2966 394 3031 lerneam,
418 2961 494 3028 quod
518 2966 581 3025 598
607 2961 641 3013 de
665 2960 755 3014 Tauro
776 2961 891 3024 dicitur,
915 2978 1028 3029 parum
1048 2970 1110 3023 veri

74 3035 174 3089 simile.
194 3066 227 3074 —
247 3034 314 3100 585
342 3034 523 3088 Trlscltoenon
546 3051 563 3085 a
586 3049 714 3086 nrensnra
738 3034 784 3101 (sc.
810 3032 916 3085 dictam
940 3037 1109 3110 regionem)

74 3106 195 3160 coniecit
213 3107 240 3162 S.
265 3105 386 3159 sufficiet
409 3102 553 3172 scripsisse
573 3104 742 3157 trischoenon
759 3121 899 3168 rnensara,
924 3105 958 3156 N
976 3112 1051 3164 ante
1073 3115 1112 3168 M

74 3179 190 3246 accepto
216 3194 268 3245 pro
292 3178 327 3231 A.
357 3209 390 3216 -
419 3176 456 3229 ib.
482 3174 659 3243 (Euphrates)
687 3191 796 3229 cansam
822 3175 859 3228 ad
882 3191 1016 3233 occasum
1040 3185 1111 3238 sollo

74 3245 1111 3386 ltattptttlttllttffttgtlllltlt,llltlttt

73 3394 138 3458 post
155 3394 174 3457 s
186 3409 243 3444 non
262 3407 323 3444 raro
343 3362 446 3443 omiss'a
461 3389 505 3453 sit,
525 3405 575 3455 pro
590 3391 643 3457 epit
656 3391 751 3456 potest
765 3389 900 3457 scriptum
914 3387 1009 3445 fnisse
1024 3400 1108 3466 repit,

75 3463 107 3513 ut
130 3463 165 3516 de
189 3462 336 3530 Strymone
360 3476 440 3514 amne
464 3459 502 3512 lV
515 3463 548 3511 38
572 3462 640 3513 extr.
666 3459 781 3514 dicitur:
801 3462 965 3529 miaeqnara
993 3465 1111 3538 diriyat

75 3542 191 3588 masam.
207 3566 240 3573 -
255 3539 270 3598 5
285 3533 323 3586 89
343 3531 490 3586 offensioni
509 3533 552 3584 est
566 3533 682 3599 propia
700 3531 820 3585 relatum
839 3531 876 3584 ad
892 3529 982 3584 Elatii
999 3538 1108 3606 oppidi

95 3618 176 3659 omen
199 3605 325 3658 neutrius
349 3603 466 3674 generis.
505 3601 612 3655 Graeca
635 3601 725 3655 forma
748 3605 913 3670 Damascos,
937 3619 1031 3672 qnam
1055 3615 1109 3663 Π
