2408 3848
116 220 216 272 annu
412 209 651 264 NAT.H18T.11
671 216 704 264 11
724 214 777 280 (14.
799 214 842 280 to)
1074 212 1134 276 151

117 379 272 456 matutina,
296 379 435 437 ocissima
454 378 486 436 in
504 396 611 438 occasu
631 379 776 438 matutino
795 386 825 438 et
844 376 996 456 altissima,
1016 379 1138 458 degredi

117 475 217 529 autem
240 466 396 527 latitudine
420 474 592 546 motumque
617 468 753 527 minuere
778 467 814 527 ab
834 475 939 527 exortu
957 470 1136 546 vespertino,

117 564 198 617 retro
227 555 349 634 quidem
376 557 421 615 ire
450 555 598 633 simulque
624 555 780 616 altitudine
804 555 926 634 degredi
949 556 986 616 ab
1010 559 1136 618 statione

116 647 300 725 vespertina,
328 644 469 704 Mercurii
495 663 600 705 rursus
624 645 709 704 stella
731 654 858 724 utroque
882 645 970 705 modo
994 646 1137 706 scandere

90 735 153 802 aab
183 743 288 796 exortu
314 736 472 811 matutino,
500 733 623 812 degredi
646 752 716 794 vero
741 733 896 795 latitudine
920 753 934 793 a
958 738 1137 814 vespertino,

116 831 337 902 consecutoque
383 821 443 882 sole
485 822 522 882 ad
564 822 736 901 quindecim
778 825 908 902 partium
949 823 1137 884 intervallum

116 913 255 973 consistit
287 910 452 991 quadriduo
484 929 576 990 prope
607 911 767 972 inmobilis.
819 930 886 972 mox
915 912 951 972 ab
980 911 1190 973 altitudinem

116 1000 274 1062 descendit
306 1008 445 1079 retroque
478 1000 613 1078 graditur
644 1000 681 1060 ab
709 1018 816 1061 occasu
844 1003 1012 1080 vespertino
1040 1019 1136 1080 usque

115 1090 154 1151 ad
182 1094 318 1150 exortum
346 1092 537 1167 matutinum,
566 1096 740 1169 tantumque
769 1089 842 1150 haec
869 1097 898 1150 et
921 1089 991 1151 luna
1014 1089 1137 1151 totidem

77 1206 102 1246 ro
117 1179 233 1256 diebus,
252 1186 324 1258 quot
343 1178 471 1257 subiere,
492 1178 684 1239 descendunt
716 1178 841 1239 Veneris
856 1178 1030 1258 quindecies
1044 1179 1136 1258 pluri-

115 1269 173 1329 bus
198 1267 292 1346 subit,
316 1286 420 1356 rursus
445 1266 566 1328 Saturni
590 1276 620 1327 et
643 1267 718 1327 lovis
743 1267 890 1346 duplicato
916 1267 1137 1346 degrediuntur,

116 1357 220 1418 Martis
240 1359 329 1417 etiam
349 1356 581 1435 quadruplicato.
618 1364 699 1416 tanta
719 1364 764 1416 est
783 1365 905 1417 naturae
924 1358 1060 1435 varietas,
1084 1356 1137 1416 sed

116 1448 193 1507 ratio
218 1445 348 1505 evidens.
391 1464 459 1505 nam
483 1464 557 1524 quae
578 1447 609 1505 in
628 1464 767 1524 vaporem
787 1445 858 1506 solis
879 1448 1024 1522 nituntur,
1048 1449 1136 1507 etiam

117 1535 304 1596 descendunt
327 1553 424 1612 aegre.

74 1651 100 1691 15
208 1617 282 1706 (15)
306 1623 395 1683 Multa
419 1625 516 1702 promi
539 1622 666 1702 amplius
687 1625 767 1683 circa
784 1624 858 1683 haec
877 1632 1002 1702 possunt
1021 1631 1137 1684 secreta
1157 1636 1189 1684 lt

116 1721 241 1774 naturae
269 1712 423 1791 legesque,
452 1712 560 1791 quibus
588 1714 653 1791 ipsa
680 1714 802 1789 serviat,
831 1712 958 1790 exempli
986 1715 1080 1791 gratia
1106 1715 1136 1772 in

115 1802 219 1862 lllartis
257 1802 369 1879 sidere,
406 1804 491 1861 cuius
525 1809 571 1862 est
602 1803 729 1861 maxime
761 1800 987 1861 inobservabilis
1021 1820 1137 1879 cursus

115 1910 280 1969 numquam
304 1890 334 1949 id
358 1893 516 1951 stationem
540 1891 638 1950 lacere
662 1889 739 1950 lovis
763 1889 861 1950 sidere
885 1893 1045 1968 triquetro,
1069 1908 1136 1950 raro

117 1979 276 2040 admodum
305 1978 354 2038 Lx
382 1979 516 2058 partibus
546 1978 687 2057 discreto,
716 1982 767 2058 qui
795 1997 937 2040 numerus
962 1979 1137 2055 sexangulas

73 2095 101 2136 no
117 2068 223 2130 mundi
250 2068 342 2128 eflicit
370 2069 491 2146 formae,
520 2087 576 2128 nec
605 2076 724 2129 exortus
753 2071 813 2128 nisi
840 2069 871 2126 in
901 2067 1014 2128 duobus
1043 2070 1136 2145 siguis

116 2165 242 2236 tantum,
266 2160 366 2217 cancri
390 2157 547 2235 eticonis,
571 2157 659 2217 simul
683 2156 781 2235 edere,
805 2156 946 2216 Mercurii
964 2175 1033 2217 vero
1054 2157 1136 2217 sidus

117 2255 239 2308 exortus
267 2249 452 2325 vespertinos
478 2249 509 2306 in
533 2245 665 2324 piscibus
690 2264 773 2306 raros
797 2247 908 2323 lacere,
937 2245 1136 2306 creberrimos

117 2339 148 2396 in
172 2338 302 2414 virgine,
325 2338 357 2395 in
381 2335 456 2394 libra
479 2337 648 2413 matutinos,
672 2337 742 2394 item
767 2337 927 2395 matutinos
951 2337 982 2393 in
1007 2337 1137 2413 aquario,

117 2427 287 2485 rarissimos
311 2427 343 2484 in
366 2423 460 2501 leone,
486 2423 692 2502 retrogradum
716 2426 746 2483 in
770 2431 855 2483 tauro
879 2432 909 2483 et
932 2426 1058 2501 geminis
1077 2442 1136 2482 non

72 2515 193 2592 asieri,
217 2516 248 2573 in
272 2531 379 2573 cancro
402 2532 473 2572 vero
497 2532 556 2572 non
576 2516 650 2572 citra
668 2513 840 2572 vicesimam
860 2515 993 2590 quintam
1012 2520 1136 2591 partem,

117 2603 217 2663 lunam
250 2602 296 2661 his
330 2605 440 2662 coitum
473 2621 541 2661 oum
574 2601 636 2661 sole
668 2603 699 2661 in
732 2602 812 2661 nullo
841 2601 897 2661 alio
926 2603 1010 2679 signo
1040 2603 1136 2660 lacere
1157 2613 1190 2663 78

117 2711 206 2770 quam
235 2693 376 2769 geminIs‚
404 2709 463 2751 non
492 2693 573 2750 coire
602 2690 758 2769 aliquando
783 2693 814 2750 in
838 2692 990 2769 sagittario
1014 2698 1137 2767 tantum,

117 2782 309 2841 novissimam
340 2799 410 2840 vero
443 2783 630 2858 primamque
659 2778 761 2839 eadem
791 2779 838 2839 die
866 2779 912 2839 vel
941 2788 1027 2839 nocte
1056 2779 1137 2839 nullo

190 2959 204 3013 t}
221 2957 266 3004 78:
287 2954 357 3019 (152,
374 2954 453 3020 2—6)
474 2951 552 3004 Beda
569 2968 596 3002 n.
611 2968 632 3002 r.
650 2955 690 3003 13.

192 3103 202 3145 1
226 3093 279 3146 hoc
298 3110 364 3146 casu
383 3098 406 3145 B
479 3100 494 3146 2
513 3092 653 3145 matutino
673 3095 736 3161 (pro
750 3093 921 3161 uespertino)
942 3093 1066 3146 d¹oo.H

117 3171 134 3219 3
150 3165 186 3219 ab
200 3166 256 3219 RS.
276 3181 293 3217 a
307 3165 391 3230 Flpo.
411 3165 477 3218 adr
493 3167 496 3232 l
514 3164 664 3217 stationem
678 3164 869 3232 uespertinem
883 3169 949 3215 Ean
1021 3169 1037 3214 4
1056 3168 1137 3215 rursu

117 3236 280 3291 R’ecorr.S
299 3239 302 3303 l
324 3236 435 3290 stellam
453 3235 490 3287 1³²
567 3242 667 3288 onero
687 3242 785 3300 omltp
864 3233 1048 3287 dinteruallo
1067 3239 1137 3286 Fila

192 3313 224 3360 10
247 3308 409 3375 quindecies
429 3307 506 3375 (cim
527 3307 561 3374 G)
582 3305 815 3371 etr²1t²pouH
888 3312 919 3358 11
940 3305 1138 3374 digrediuntur

118 3380 251 3444 apocal
323 3385 356 3432 21
377 3379 458 3431 edere
478 3377 554 3446 (eed-
573 3381 602 3445 F)
622 3379 679 3432 llo.
706 3377 815 3431 faciunt
833 3395 866 3429 m.
893 3394 932 3430 un
950 3377 1060 3430 faeere?

118 3457 152 3503 22
171 3450 201 3502 in
222 3449 331 3516 (cerro
352 3452 462 3502 exortus
481 3449 600 3502 rma.
625 3451 671 3503 -tu
687 3447 726 3502 Β)
799 3454 836 3504 ‘l‘i
856 3446 1153 3504 mimendensem

109 3521 166 3568 aa
248 3521 334 3571 231‘11
357 3520 433 3572 nora
452 3523 666 3579 onuranau
690 3527 697 3596 1
724 3524 891 3580 matutinos
913 3517 1104 3594 111111111ῑὼ
1120 3528 1182 3566 on.

97 3587 231 3646 FBE¹⁸P
305 3596 341 3641 24
361 3593 391 3644 el
409 3593 439 3644 in
458 3595 591 3664 geminis
614 3601 687 3658 d'lS
